3409 5409
353 534 402 581 na
424 534 475 581 xn
497 534 710 583 raavcsavu
733 536 910 597 REfflQvlls
935 534 1221 585 consrrrvnnnrs.
1319 520 1358 585 91

208 690 390 777 pristinam
403 689 550 755 vocalem
566 690 630 756 oin
641 689 824 776 participiis
834 692 921 773 istis,
938 693 1016 757 item
1031 692 1067 755 in
1083 691 1301 758 substantivis
1317 690 1359 759 ad

207 815 299 879 quae
309 794 499 859 referuntur
508 791 624 874 honos,
637 813 738 856 venos
747 791 805 877 (cf.
817 792 907 857 tituli
917 792 1123 881 speculorum
1134 793 1169 859 in
1175 794 1277 859 Prisc.
1285 794 1360 859 Lat.

207 895 303 963 Mon.
321 917 372 982 ep.
389 894 443 960 XI
457 893 502 959 M.
518 893 587 979 N.),
604 894 730 975 modus,
747 893 864 977 scelus,
881 896 981 961 robus
998 895 1105 981 (Paul.
1116 896 1199 961 Erre.
1211 897 1316 984 pasc
1327 920 1359 962 v.

208 996 1358 1085 robum),funus,votus(iatroccfvetus-tascumtempestassiml,

207 1114 354 1187 tempus,
365 1122 458 1181 onus,
471 1098 599 1182 foedus,
612 1120 719 1185 augur
733 1098 926 1186 plerumque
936 1101 970 1165 in
982 1122 1015 1181 u,
1028 1101 1061 1165 in
1075 1100 1186 1166 verbis
1200 1100 1360 1166 derivatis

207 1224 329 1267 rursus
344 1202 380 1266 in
393 1224 412 1267 e
427 1210 587 1267 mutatam
603 1201 673 1266 sola
687 1202 863 1268 roborandi
879 1210 912 1266 et
920 1200 1105 1267 honorandi
1117 1203 1221 1269 verba
1231 1238 1272 1251 --
1284 1202 1361 1269 licet

207 1304 247 1369 in
262 1302 325 1370 hoc
336 1304 402 1369 iam
414 1314 510 1369 vetus
521 1303 731 1390 participium
743 1304 906 1391 spreverit
919 1344 958 1352 -
969 1314 1195 1371 servaverunt.
1219 1304 1359 1371 Omnino

207 1407 376 1472 vetustior
390 1428 497 1471 sermo
512 1404 686 1471 multorum
703 1406 881 1473 vorborum
901 1406 1047 1473 nativam
1063 1406 1204 1494 speciem
1225 1407 1261 1471 in
1276 1428 1362 1473 com-

206 1509 332 1597 positis
347 1507 490 1573 maxime
512 1506 674 1592 integram
690 1516 789 1594 atque
803 1510 959 1574 intactam
975 1506 1121 1597 reliquit,
1143 1530 1228 1596 quae
1248 1519 1361 1593 postea

205 1613 244 1675 in
270 1610 433 1677 noviciam
454 1608 675 1675 derivatorum
698 1608 869 1676 flexionem
896 1610 988 1676 abiit.
1040 1610 1232 1676 binusmodi
1252 1632 1360 1677 exem-

205 1711 304 1800 plum
326 1710 500 1777 finitimum
522 1710 571 1775 illi
596 1710 678 1795 legis
700 1713 810 1796 regiae
831 1714 906 1799 ipsa
926 1713 1154 1779 subministrat
1175 1712 1245 1777 XII
1265 1712 1360 1779 tabu·

208 1813 321 1879 larum
334 1812 392 1879 lex
405 1818 557 1878 ‘studiat’
573 1812 688 1897 (1113)
705 1814 748 1879 ab
763 1814 948 1899 antiquiore
960 1814 1062 1881 verbo
1075 1814 1280 1889 ‘vindicaro’‚
1297 1814 1319 1879 i.
1332 1836 1359 1879 e.

207 1916 309 1981 ‘vim
330 1914 495 1997 dicere',
521 1914 610 1979 unde
630 1916 731 1979 ctiam
755 1916 918 1997 vindicta,
943 1914 1065 1981 vindex
1087 1916 1246 2002 originem
1270 1938 1360 2003 repe-

206 2018 332 2103 tunt.¹)
369 2016 454 2084 Nam
469 2018 555 2105 quod
576 2017 623 2082 ibi
645 2039 774 2104 quoque
794 2016 847 2081 vel
867 2018 1110 2085 coniunctivum
1125 2016 1274 2103 Scaliger
1293 2016 1315 2081 l.
1331 2040 1359 2083 c.

206 2118 266 2185 vel
281 2119 430 2185 futurum
444 2128 601 2185 exactum
614 2118 845 2185 Forcelliniani
868 2119 967 2185 lexici
982 2120 1124 2187 editores
1145 2121 1360 2207 interpretan-

207 2232 281 2288 tur:
298 2222 546 2308 utrumqueiam
557 2223 776 2287 membrorum
786 2220 1005 2308 aequabilitas
1018 2232 1122 2287 vetat:
1142 2231 1187 2287 ‘m'
1197 2227 1360 2287 iudicatum

205 2330 311 2402 facit
332 2335 385 2387 aut
398 2324 496 2409 quts2)
519 2328 596 2386 endo
609 2344 643 2387 eo
658 2332 689 2387 ia
704 2332 771 2387 iure
785 2329 971 2388 vindicii)
1000 2324 1089 2406 Quin
1103 2324 1277 2411 pristinam
1292 2324 1360 2389 vim

208 2424 404 2491 vindicandi
429 2425 461 2490 h.
478 2426 500 2490 l.
526 2435 690 2491 servatam
715 2426 927 2512 conspicuam
954 2426 1063 2492 reddit
1084 2427 1158 2513 ipsa
1177 2435 1357 2509 structura:

209 2548 412 2615 quamquam
437 2550 503 2593 non
524 2540 764 2615 perspexerunt
788 2528 896 2593 critici
921 2528 978 2615 qui
1003 2528 1105 2593 variis
1131 2526 1359 2593 conaminibus

208 2629 321 2695 locum
345 2630 556 2695 sanissimum
580 2639 744 2695 vexarunt
773 2640 807 2694 et
834 2639 1049 2717 corruperunt
1079 2629 1149 2696 sive
1180 2634 1269 2695 ‘endo
1294 2637 1361 2695 iura

209 2737 307 2799 vinde
323 2732 498 2813 mutando,
514 2730 602 2818 quod
618 2720 723 2795 voluit
738 2730 895 2817 Scaliger,
912 2732 981 2797 sive
1003 2737 1092 2801 ‘endo
1110 2752 1156 2797 em
1171 2740 1237 2799 iure
1252 2737 1359 2809 vind),

210 2854 298 2921 quae
324 2842 455 2919 praeter
481 2834 641 2898 rationem
670 2855 796 2899 conexa
818 2833 981 2898 Salmasio
1010 2843 1187 2920 praeeunte
1213 2834 1360 2921 plerique

210 2956 288 3001 cum
303 2934 386 3021 legis
402 2946 471 3001 turn
488 2933 588 3000 Gellii
603 2936 744 2999 editores
767 2936 967 3021 probarunt,
989 2936 1053 3001 nisi
1070 2936 1158 3023 qnod
1174 2943 1270 3001 ‘com'
1286 2958 1359 3023 pro·

209 3038 288 3124 pins
304 3038 347 3103 ad
368 3037 553 3103 litterarum
574 3038 692 3103 ductus
714 3038 873 3103 accedens
894 3037 1050 3103 Hertzius
1071 3040 1254 3126 proposuit.
1289 3038 1361 3105 Nec

210 3140 323 3228 aptius
340 3144 428 3204 ‘endo
441 3144 485 3205 eo'
502 3140 660 3226 temporis
681 3141 954 3224 significationem
970 3140 1195 3208 Gothofredus
1216 3140 1361 3228 explieat

212 3242 380 3309 ‘interea’2
397 3242 498 3307 immo
513 3242 677 3308 iudicatus
693 3242 932 3328 intellegendus
948 3255 1009 3311 est.
1025 3245 1136 3333 Atque
1152 3248 1240 3309 ‘endo
1254 3262 1289 3309 eo
1303 3250 1360 3309 uim

96 3432 99 3436 ›
114 3372 117 3376 ¹
209 3403 257 3450 tus
275 3414 311 3449 ea
329 3403 373 3449 est
384 3398 523 3465 proportio
537 3414 607 3463 quac
620 3400 693 3448 inter
706 3404 820 3449 onustus
833 3406 862 3449 et
874 3406 1027 3451 oneratus.'
1054 3400 1178 3451 Eandem
1192 3401 1359 3452 sententiam

211 3485 347 3551 deporta
365 3484 459 3535 horum
477 3484 621 3535 verborum
641 3498 729 3549 nuper
750 3484 892 3548 professus
916 3490 959 3535 est
978 3486 1010 3536 G.
1031 3485 1144 3536 Curtius
1161 3487 1191 3535 in
1210 3500 1307 3535 comm.
1325 3484 1358 3537 de

210 3571 342 3637 vestigiis
364 3571 505 3637 coniugat.
529 3571 578 3621 lat.
599 3570 627 3619 in
650 3587 666 3621 o
690 3569 828 3633 Symbolis
851 3570 947 3636 philol.
969 3572 1107 3623 Bonnens.
1125 3572 1154 3621 in
1177 3570 1307 3621 honoram
1325 3572 1358 3621 F.

211 3653 360 3707 Bitschelii
379 3654 440 3707 coll.
452 3656 575 3707 insanae
592 3657 606 3707 1
624 3673 650 3721 p.
664 3658 715 3708 274
726 3672 767 3721 sq.
786 3656 939 3720 ‘funestur,
959 3656 1092 3709 honestus
1110 3656 1202 3707 haben
1212 3656 1359 3722 gessisset-

212 3756 325 3792 massen
347 3741 376 3790 in
398 3742 509 3792 Verben
530 3743 583 3793 wie
613 3741 764 3806 honorare,
788 3744 934 3805 roborare,
958 3756 1074 3793 onerare
1101 3741 1161 3795 ihre
1186 3741 1295 3807 Stiitre,
1326 3756 1359 3793 an

213 3824 303 3877 denen
321 3828 362 3878 sie
381 3826 441 3877 sich
459 3824 569 3877 ahnlich
588 3826 733 3879 verhalten
751 3828 803 3878 wie
822 3828 915 3877 lautus
934 3842 967 3875 an
986 3826 1096 3890 lavare,
1115 3830 1229 3894 saeptus
1247 3842 1280 3878 zu
1299 3842 1359 3879 sae·

212 3910 283 3975 pire.
318 3912 371 3961 Die
389 3910 544 3977 Partieipia
562 3912 617 3962 und
635 3912 865 3979 participartigen
878 3911 1025 3977 AdJectiva
1043 3910 1133 3978 gehen
1150 3912 1211 3964 hier
1229 3912 1280 3963 sni
1296 3912 1359 3963 eine

212 3995 383 4059 primitivere
402 3995 577 4047 Stammform
595 3998 713 4058 curticle,
738 3996 866 4049 wdhrend
890 3996 938 4047 der
955 3994 1176 4049 Prisensstamm
1199 3998 1228 4047 iu
1247 3996 1292 4049 die
1311 3996 1358 4047 ab·
1383 4050 1387 4067 ,

214 4078 347 4144 geleitete
366 4079 552 4147 conjugativa
569 4082 699 4149 ausbiegt
716 4098 741 4133 u.
760 4099 783 4133 a.
801 4084 833 4135 f.’

282 4165 303 4232 ¹)
322 4166 357 4217 ct.
377 4166 410 4217 Ο.
429 4166 581 4218 Muellerus
598 4169 627 4217 in
644 4170 714 4221 Mus.
732 4168 809 4219 rhen.
828 4169 879 4219 iur.
898 4169 991 4221 V'190
1009 4183 1069 4233 sqq.
1099 4169 1247 4235 Perperam
1266 4174 1358 4221 autem

214 4249 296 4303 istam
318 4252 435 4303 formam
454 4250 584 4303 Ciceroni
608 4267 715 4318 quoqne
738 4252 882 4303 vindicare
907 4258 1022 4304 conatur
1039 4254 1218 4305 Heinrichius
1242 4252 1276 4303 ad
1299 4252 1357 4305 Cic.

215 4350 253 4386 or.
272 4354 297 4403 p.
316 4336 388 4387 Tull.
408 4354 434 4404 p.
453 4339 495 4389 71.

280 4420 303 4485 ²)
322 4424 417 4489 ‘quipe’
433 4422 532 4485 forma,
552 4421 586 4472 do
600 4436 653 4486 qua
667 4422 820 4473 derivanda
834 4422 937 4473 fnestra
949 4424 1091 4487 quaeritur
1104 4422 1151 4486 (cf.
1164 4428 1275 4489 praeter
1288 4422 1358 4474 alios

215 4503 329 4559 Ebelins
341 4509 370 4557 iu
383 4507 475 4557 Kuhni
487 4505 586 4559 Annal,
599 4507 635 4557 Vl
648 4508 699 4559 208
711 4508 764 4576 sq.)
778 4523 811 4558 ne
823 4524 840 4558 a
850 4506 973 4559 codicum
987 4508 1094 4573 quidem
1109 4509 1273 4560 auctoritate
1287 4509 1357 4561 bene

216 4590 319 4643 munita
337 4596 388 4644 est.
