3409 5409
689 577 829 629 anavus
849 580 883 628 x.
1250 598 1252 603 ·
1302 558 1363 629 155

218 740 410 817 sumptuosa
423 731 603 818 respersio,
627 755 667 796 ne
693 730 809 817 longae
836 754 975 799 coronae
997 756 1058 799 nec
1083 755 1214 799 acerrae
1236 743 1362 821 praete·

220 841 370 899 reanlur’
399 832 644 920 (praeferantur
666 839 820 899 Manutius
847 858 907 901 nec
935 858 961 901 s.
985 859 1012 901 r.
1040 858 1101 903 nec
1123 834 1145 900 l.
1168 858 1196 902 a.
1224 858 1285 901 nec
1312 856 1361 900 ac.

218 946 468 1027 praetereuntur
493 936 636 1021 Balarus).

302 1039 421 1104 Festus
436 1062 469 1125 p.
488 1039 549 1104 158
563 1038 609 1104 Μ.
632 1040 831 1105 ‘Murrata
852 1041 1020 1128 potione
1041 1062 1118 1106 usos
1141 1040 1294 1127 antiquos
1315 1040 1362 1103 in·

218 1140 303 1205 dicio
336 1149 403 1223 cst,
436 1140 525 1227 quod
553 1142 741 1208 etiamnunc
769 1140 893 1207 aediles
920 1163 980 1228 per
1011 1139 1266 1229 supplicationes
1300 1142 1362 1205 Dis

217 1240 344 1308 addunt
366 1242 410 1306 ad
431 1241 633 1329 puluinaria,
656 1253 689 1309 et
711 1242 799 1329 quod
814 1242 885 1309 XII
899 1242 1020 1309 tabulis
1042 1254 1192 1325 cauetur,
1216 1265 1257 1309 no
1278 1264 1362 1309 mor·

216 1353 274 1409 tuo
295 1342 442 1426 indatur,
465 1354 503 1409 ut
524 1346 571 1411 nit
593 1345 700 1411 Varro
722 1346 968 1432 Antiquitatum
990 1343 1012 1409 l.
1035 1345 1081 1410 Ι.’
1163 1371 1165 1375 ·

771 1448 802 1512 7.
915 1523 922 1536 ι

304 1566 363 1625 um
386 1564 682 1613 consulueram
709 1566 787 1615 msa
814 1564 1013 1613 Pnevnlsvn
1041 1564 1120 1613 mvn
1148 1552 1268 1611 tarmis
1288 1565 1362 1612 vln-

219 1667 367 1715 nvmsvu
389 1666 484 1714 unco
491 1697 501 1731 ,
523 1657 551 1714 si
563 1667 767 1715 aunvvmvn
781 1636 816 1715 1321
828 1657 1012 1731 parentique
1025 1656 1102 1723 eius,
1117 1672 1148 1715 se
1160 1654 1278 1727 frauda
1291 1662 1362 1715 esto.

304 1749 420 1817 Cicero
442 1751 484 1816 de
506 1750 570 1836 leg.
592 1751 708 1834 1124,
730 1753 782 1817 60.
810 1751 892 1818 ‘Illa
914 1753 980 1819 iam
1003 1752 1200 1838 significatio
1222 1763 1273 1819 est
1295 1753 1361 1819 lau-

219 1852 270 1917 dis
294 1865 486 1919 amamenta
507 1853 550 1919 ad
572 1864 718 1921 mortuos
739 1848 920 1940 pertinere,
949 1852 1037 1942 quod
1065 1876 1218 1920 coronam
1240 1855 1362 1920 uirtute

217 1965 347 2039 partam
369 1966 402 2021 et
429 1954 459 2018 ci
482 1955 537 2041 qui
559 1955 741 2042 peperisset
761 1966 794 2022 et
815 1957 885 2023 eius
908 1956 1037 2043 parenti
1059 1956 1129 2024 sine
1151 1955 1268 2023 fraude
1290 1980 1362 2024 esse

218 2055 301 2142 [lex]
324 2057 514 2144 impositam
535 2057 650 2124 iubet'

742 2162 772 2225 8.
796 2163 827 2225 9.

301 2278 393 2326 nnvu‘
415 2278 536 2326 nvuvu
552 2278 698 2326 ann1r0.
725 2279 783 2326 cvr
798 2278 893 2327 nvno
917 2280 1052 2328 neuras
1075 2281 1194 2328 rvnc'rl
1217 2282 1361 2347 ascune,

217 2379 438 2429 ssn1ucvn
461 2380 543 2428 nino
567 2380 735 2429 sursulus
757 2381 913 2447 vnurvn,
938 2382 977 2430 su·
1001 2382 1142 2431 runvnn
1166 2382 1264 2432 usto.

470 2454 543 2481 &A

216 2572 281 2621 uino
294 2572 394 2621 mortui
403 2570 560 2637 sepulcrum
571 2571 777 2637 spargebatur)
794 2570 898 2622 Paulus
908 2586 968 2626 axo.
978 2588 1012 2623 ex
1020 2573 1104 2624 Festo
1115 2590 1141 2639 p.
1153 2574 1185 2624 18
1194 2574 1231 2625 Μ.
1246 2572 1362 2625 ‘Acerra

217 2672 268 2707 ara
286 2671 358 2720 quaa
377 2660 443 2706 anta
461 2660 596 2707 mortuum
613 2658 680 2721 pani
692 2656 814 2723 solebat,
832 2656 862 2707 in
874 2670 929 2721 qna
941 2656 1039 2708 odoras
1052 2657 1248 2709 incendebant’
1262 2674 1285 2711 a.
1299 2674 1324 2724 q.
1338 2674 1359 2709 s.

284 2744 309 2792 l.
331 2741 439 2791 Plinius
461 2740 494 2791 N.
514 2741 549 2791 Η.
567 2742 633 2793 xxl
651 2743 714 2800 nt
738 2742 879 2807 ‘Namque
902 2740 937 2790 ad
960 2742 1113 2792 certamina
1136 2742 1164 2793 in
1187 2742 1291 2793 circum
1313 2758 1361 2808 per

216 2824 297 2876 ludos
316 2830 345 2877 ct
367 2826 423 2891 ipsi
446 2816 654 2877 descendebant
677 2831 707 2876 et
729 2842 825 2878 seruos
847 2841 911 2878 snos
935 2840 1074 2891 equosque
1098 2827 1256 2881 mittebant.
1291 2828 1360 2879 Inde

216 2910 269 2961 illa
295 2910 349 2961 XII
366 2910 523 2961 tabularum
551 2910 596 2961 lex
619 2911 700 2973 ‘Qui
718 2949 725 2963 .
745 2951 752 2964 .
769 2948 778 2963 .
797 2916 815 2961 .’
851 2913 940 2974 Quam
963 2912 1037 2961 serui
1060 2911 1158 2977 equine
1185 2914 1361 2975 meruissent,

217 2996 338 3062 pecunia
355 2999 462 3061 partam
485 2995 548 3061 lage
573 2996 630 3047 dici
652 3011 731 3047 nemo
757 2996 907 3047 dubitauit.
943 2996 1011 3058 Quis
1035 3012 1101 3061 ergo
1123 2996 1229 3048 honos?
1254 3000 1285 3046 nt
1307 2998 1362 3063 ipsi

217 3085 324 3131 mortuo
350 3080 567 3146 parentibusque
595 3082 668 3143 eius,
692 3080 754 3131 dum
777 3081 852 3132 intus
874 3082 981 3147 positus
1010 3085 1084 3133 esset
1106 3082 1210 3134 ferisne
1233 3082 1362 3147 ferretur,

219 3166 281 3214 siue
299 3164 397 3215 frauda
416 3169 491 3215 esset
507 3165 660 3230 imposita’

285 3250 310 3300 8.
328 3252 353 3301 9.
374 3248 546 3301 Cicereii.
566 3252 640 3313 ‘Qua
655 3251 686 3301 in
704 3250 767 3317 lege
786 3266 866 3317 quom
885 3256 961 3303 asset
978 3257 1079 3305 ‘narra
1098 3267 1209 3304 aurum
1228 3252 1360 3304 addito'

217 3353 421 3362 μ*-

302 3424 331 3480 7.
352 3424 466 3481 honoris
478 3425 626 3488 uirtutisuc
637 3428 745 3497 scripsi
755 3422 804 3500 (cf.
817 3425 928 3483 Paulus
939 3440 1004 3481 auc.
1016 3443 1047 3497 p.
1057 3424 1144 3481 sill.
1157 3443 1182 3482 u.
1194 3422 1287 3501 ergol:
1305 3428 1361 3483 uir·

218 3510 321 3565 talisne
342 3509 555 3566 Riccurdiuuus
582 3508 661 3567 Voss.
678 3510 773 3566 Puris.
790 3512 810 3565 a
828 3509 1027 3582 Clsislleliauus
1050 3509 1200 3567 Turnebus
1220 3512 1290 3567 Ado.
1316 3516 1359 3575 18,

219 3598 263 3650 29.
287 3598 371 3659 lim
400 3594 497 3651 uirtuti
523 3612 587 3651 suae
611 3593 763 3652 Talalanus
792 3596 904 3651 uirtutis
931 3612 996 3651 suae
1011 3595 1174 3653 ¹Plautianus
1201 3594 1360 3653 Gronovius

217 3678 352 3750 Sillipius.
389 3680 552 3753 pecuniane,
574 3682 632 3736 eius
653 3681 801 3736 uirtutisue
821 3696 889 3754 ergo
912 3678 1021 3737 lanius.
1044 3680 1103 3737 Sed
1121 3679 1161 3752 cf.
1185 3678 1357 3739 Cicereii

216 3763 361 3819 ariluuilur
375 3766 494 3835 scripsi:
510 3765 638 3838 arguitur
652 3765 789 3823 Riacard.
812 3766 890 3822 Voss.
909 3759 961 3821 ιιι.2
979 3766 1016 3822 al.
1034 3766 1147 3823 (lunilnr
1164 3765 1251 3822 Talai.
1267 3766 1360 3823 dnilur

223 3847 301 3904 Voss.
319 3841 369 3905 m.¹
385 3848 481 3905 Paris.
499 3842 532 3904 αἳ
547 3848 708 3907 Salmasius
722 3852 761 3907 ad
776 3850 902 3907 Setinum
921 3855 975 3907 122
990 3850 1121 3907 diuiditur
1135 3844 1165 3906 rl¹
1183 3851 1306 3923 Cluifslcl.
1319 3853 1359 3908 di-

216 3932 319 3989 uiditur
340 3939 392 3990 ael.
409 3932 589 4005 Delecampii
610 3935 760 3993 Turnebus
781 3937 884 3993 diditur
902 3938 964 3994 cod.
987 3936 1050 3993 Urs.
1073 3936 1166 3994 duitor
1186 3935 1360 3993 Harduinus

216 4019 254 4075 al.
279 4018 403 4075 arduitas
418 4021 455 4075 al.
473 4021 554 4091 apud
570 4019 732 4076 Turnebum
750 4024 794 4087 29,
813 4027 829 4077 1
858 4022 981 4093 Lipsius.
1031 4016 1238 4094 Supplcmenla
1252 4022 1358 4078 addidi.

301 4103 330 4160 8.
348 4104 376 4160 9.
394 4099 453 4180 cui]
471 4114 502 4159 ul
516 4103 560 4160 cui
576 4104 710 4162 Halmius
725 4104 767 4175 (iu
786 4106 969 4163 Fleclrciscai
982 4106 1086 4162 Annal.
1100 4106 1171 4177 plril.
1186 4109 1222 4163 79
1234 4124 1264 4179 p.
1275 4108 1358 4172 765).

216 4188 300 4244 iuncti
324 4188 398 4243 AH:
423 4190 498 4244 uncti
520 4188 548 4243 B
575 4190 660 4246 uincti
682 4190 757 4247 Edd.
775 4193 918 4263 plerique.
951 4199 1049 4247 escunt
1069 4190 1239 4247 lambiaus:
1265 4198 1358 4247 esseut

216 4274 291 4329 libri.
323 4272 364 4345 cs.
381 4274 532 4329 Lucretius
546 4273 567 4330 I
579 4279 634 4331 619
648 4293 673 4331 u.
689 4276 708 4332 l.
733 4276 950 4348 Wescabarpius
971 4278 1011 4332 ud
1026 4276 1081 4331 Cic.
1101 4276 1184 4331 Tusc.
1201 4274 1256 4332 ΙΙΙ
1268 4282 1295 4340 5,
1313 4278 1357 4331 ll.

216 4367 297 4413 esunt
309 4364 376 4428 past
390 4358 576 4414 Racuurdum
591 4361 628 4415 al.
646 4358 789 4416 Halmius.
833 4362 913 4416 eslim
922 4360 954 4416 A.
1001 4360 1116 4434 sepeliet
1131 4368 1227 4416 urelue
1242 4377 1272 4416 se
1286 4361 1358 4416 scri-

213 4444 276 4513 psi:
291 4441 505 4515 sepellelurslue
526 4461 557 4500 se
575 4440 668 4520 (uaese
683 4444 711 4498 B
726 4462 792 4501 nese
807 4442 850 4519 H)
867 4445 940 4500 labri.
972 4444 1097 4519 sepelirci
1119 4447 1213 4502 ureiue
1235 4462 1265 4502 se
1282 4444 1358 4502 Bus-

215 4527 348 4583 clelcrus
369 4528 398 4582 ia
414 4527 594 4584 Fleckeiseui
611 4529 717 4585 Ausul.
739 4530 757 4585 l.
773 4546 798 4584 c.
817 4529 902 4601 prob.
922 4528 1037 4587 Halmio
1059 4530 1176 4605 sepellre
1197 4546 1313 4589 urercuc
1328 4548 1359 4588 se

219 4610 369 4669 Turnebus
384 4615 423 4669 al.
480 4612 574 4669 lrande
589 4613 629 4672 H.
687 4616 741 4670 islo
756 4615 830 4672 libri.
925 4639 952 4677 μ
