3409 5409
382 532 429 583 on
451 534 503 585 xn
525 534 738 585 rsnvnnnvu
760 534 939 597 rnnrovns
962 536 1209 588 normannnis.
1325 519 1366 589 61

308 690 484 755 Praeterea
498 710 572 755 cum
587 712 641 773 ea,
663 690 782 776 quibus
803 713 925 756 novum
946 692 1042 778 quasi
1061 700 1291 777 argumentum
1310 691 1366 756 ad·

223 790 358 857 deretur
376 800 509 857 nostrae
530 792 601 857 XII
621 790 807 857 tabularum
830 794 986 859 scientiae
992 842 1003 876 ‚
1028 794 1176 880 proferre
1200 794 1281 860 mibi
1300 816 1368 861 non

223 892 442 979 eontigerit1),
458 894 493 958 in
508 894 787 977 testimoniorum,
808 895 927 981 quibus
944 895 1154 961 confirmetur
1167 895 1368 982 fragmento·

223 1016 295 1061 rum
311 995 503 1078 auctoritas,
519 996 616 1083 copia
629 996 783 1084 augenda
797 996 908 1085 quoad
922 998 993 1063 eius
1008 997 1080 1063 fieri
1094 1008 1206 1084 posset
1220 998 1367 1065 studium

222 1098 331 1184 posui.
362 1097 461 1179 Quod
476 1097 622 1163 studium
637 1108 797 1186 quantum
812 1107 846 1163 et
865 1098 967 1165 taedii
987 1100 1105 1167 afferat
1123 1100 1249 1168 frustra
1267 1122 1366 1189 quae-

221 1200 307 1265 renti
322 1210 356 1266 et
369 1200 482 1286 gaudii
498 1200 679 1265 invenienti
700 1201 807 1267 eciunt
827 1202 884 1287 qui
903 1201 939 1265 in
958 1202 1022 1267 isto
1043 1201 1228 1268 studiorum
1247 1224 1366 1288 genere

221 1302 346 1369 versati
362 1311 447 1367 sunt.
479 1304 588 1390 Atque
604 1325 677 1369 cum
692 1302 747 1369 bic
761 1324 891 1391 quoque
905 1303 941 1367 in
954 1298 1125 1390 plerisque
1135 1326 1227 1391 spem
1240 1302 1365 1370 fefelle

220 1404 266 1469 rit
290 1414 444 1485 eventus,
470 1414 580 1471 tamen
605 1404 747 1492 propriis
773 1404 901 1472 viribus
922 1428 975 1470 me
1000 1405 1098 1471 inea
1122 1427 1159 1472 re
1180 1405 1366 1473 elaborasse

221 1528 319 1593 spero
334 1506 405 1571 1010
419 1516 458 1572 01
471 1505 525 1571 vel
541 1529 583 1571 ex
598 1506 688 1573 10001
703 1528 811 1572 messe
831 1528 929 1592 quam
949 1506 1061 1573 facere
1081 1506 1176 1574 licuit
1196 1518 1365 1595 agnoscat,

159 1656 168 1666 .
220 1607 251 1672 si
266 1608 320 1673 cui
335 1606 495 1695 placuerit
509 1618 704 1695 apparatum
725 1631 745 1673 a
765 1630 818 1673 me
835 1620 1027 1694 congestum
1047 1632 1124 1675 cum
1139 1610 1365 1677 Dirkseniano

219 1730 421 1797 comparare.
437 1707 620 1775 Maximum
634 1712 746 1798 utique
761 1711 906 1777 fructum
922 1734 940 1777 e
954 1710 1126 1797 glossariis
1141 1712 1274 1801 percepi
1287 1713 1364 1778 buc·

218 1834 324 1899 usque
344 1834 462 1899 parum
486 1812 522 1876 in
550 1834 682 1877 censum
702 1814 845 1879 vocatis:
871 1836 889 1879 e
909 1814 1029 1901 quibus
1050 1824 1129 1880 sunt
1148 1836 1233 1901 quae
1253 1822 1366 1901 aperte

218 1912 293 1979 XII
313 1913 444 1979 tabulas
464 1922 630 2001 spectent,
652 1915 756 1981 veluti
781 1915 817 1979 in
837 1916 987 1981 Labbaei
1015 1915 1116 2001 gloss.
1137 1920 1260 1996 ‘pedem
1279 1923 1368 1982 stertit

216 2017 350 2099 φεῦγεν
372 2017 404 2105 (Ι
423 2014 476 2100 2),
499 2022 609 2081 ‘lessus
629 2020 766 2098 θρῆνοε’
784 2016 832 2101 (Χ
851 2017 905 2103 4),
927 2023 1139 2099 ‘endoplorcto
1158 2019 1365 2092 turxtletov’

217 2118 321 2203 (VIII
339 2118 391 2207 12)
407 2156 447 2167 -
463 2126 500 2183 ut
514 2124 730 2199 ‘endoplorato
750 2126 926 2200 imploreto’
949 2119 1060 2187 Gloss.
1075 2122 1144 2186 Mai
1158 2120 1228 2186 VH
1241 2120 1306 2187 560
1326 2155 1363 2171 -

215 2219 301 2304 alia,
323 2221 441 2308 quibus
467 2221 566 2285 etiam
589 2228 691 2286 ‘clane
711 2226 829 2287 ciendis
858 2224 1015 2303 βάλανοθ
1044 2222 1127 2308 (VII
1148 2223 1199 2288 10.
1219 2222 1308 2289 Vm
1327 2224 1364 2308 6)

213 2331 352 2410 propter
365 2323 537 2409 antiquum
551 2345 647 2387 usum
661 2323 792 2389 litterae
809 2346 827 2387 o
845 2334 1014 2390 servatum
1035 2324 1251 2391 adnumerare
1265 2346 1366 2392 ausus

215 2447 308 2490 sum:
327 2426 406 2512 quin
420 2429 502 2489 ‘tecit
514 2430 602 2490 misit’
617 2426 652 2489 in
667 2423 778 2491 Gloss.
792 2424 898 2491 Paris.
913 2448 946 2513 p.
958 2425 1021 2491 164
1029 2426 1181 2492 Hildebr.
1196 2427 1255 2493 vix
1269 2426 1366 2493 aliter

215 2526 353 2595 videtur
366 2524 515 2611 intellegi
529 2548 627 2614 posse
641 2526 704 2591 nisi
719 2527 748 2591 si
764 2526 806 2591 ad
822 2532 936 2592 ‘telum’
951 2526 1116 2593 reserator
1129 2526 1218 2594 VIII
1231 2529 1284 2593 24.

304 2698 344 2763 In
356 2696 615 2781 fragmentorum
631 2696 772 2763 ordine
787 2696 1077 2764 constituendo
1093 2720 1192 2786 quam
1202 2698 1364 2764 rationem

214 2808 396 2866 tenuerunt
416 2796 640 2865 Gothofredus
662 2809 695 2865 et
714 2798 921 2884 Dirksenus,
944 2821 1017 2865 cum
1040 2822 1061 2864 a
1083 2799 1278 2867 decemviris
1298 2800 1364 2866 sin-

214 2900 298 2987 gula
311 2902 391 2967 iuris
407 2910 601 2987 argumenta
615 2900 669 2968 vel
690 2900 828 2988 singulis
849 2902 903 2968 vel
923 2901 1006 2969 adeo
1026 2903 1114 2969 binis
1135 2902 1258 2968 tabulis
1278 2924 1363 2969 com·

214 3001 380 3091 prehensa
395 3000 498 3067 fuisse
514 3013 696 3085 sumerent,
713 3003 754 3069 de
769 3026 809 3069 ea
826 3005 891 3077 iam
906 3014 986 3091 puto
1002 3014 1111 3071 actum
1127 3026 1200 3071 esse
1215 3004 1263 3070 eis
1278 3028 1363 3093 quae

214 3103 345 3171 Puchta
379 3104 533 3191 opposuit
567 3102 679 3190 (civil.
714 3104 882 3171 Abhandl.
919 3130 951 3193 p.
980 3104 1021 3172 51
1052 3129 1122 3193 sqq.
1157 3106 1200 3171 cf.
1231 3107 1314 3173 Inst.
1345 3108 1363 3173 Ι

214 3328 278 3364 eram
296 3314 401 3363 dedere'
420 3312 454 3361 D.
473 3314 502 3374 9,
523 3313 550 3373 1,
572 3312 603 3362 19
621 3312 636 3372 ἓ
654 3312 669 3361 2
689 3316 851 3377 compareat
871 3314 955 3363 etiam
974 3319 1094 3365 ‘nonam
1112 3314 1221 3364 dedere’
1240 3313 1270 3363 in
1288 3313 1363 3365 locu·

214 3398 294 3449 tione
314 3400 410 3448 ‘noxae
430 3397 562 3447 dedendae
578 3396 702 3458 faeuttue’
721 3398 755 3446 Ι).
774 3399 799 3461 6,
817 3399 850 3448 20
868 3398 884 3459 5
902 3402 926 3448 5.
945 3400 970 3457 9,
990 3400 1015 3462 1,
1034 3401 1048 3447 1
1067 3399 1082 3457 5
1102 3399 1142 3449 16.
1164 3400 1208 3461 ta,
1227 3398 1252 3461 1,
1270 3398 1286 3447 6
1304 3398 1320 3459 5
1339 3402 1363 3453 l.

216 3480 273 3534 Sed
290 3482 342 3531 hoc
362 3496 395 3530 ex
414 3480 565 3545 posteriore
584 3480 671 3531 abusu
683 3496 738 3530 non
755 3480 825 3532 licet
842 3486 917 3531 retro
936 3482 1083 3533 transferri
1100 3483 1129 3531 in
1141 3482 1285 3533 Praetoris
1303 3484 1363 3534 edi·

216 3571 302 3630 ctum,
321 3568 350 3616 in
369 3578 423 3629 quo
441 3580 496 3616 non
509 3564 606 3627 minus,
626 3563 716 3627 credo,
737 3564 792 3615 fuit
809 3570 849 3615 ‘et
865 3582 962 3617 noxae
981 3568 1077 3617 dedere
1091 3568 1179 3617 ticeot’
1196 3563 1311 3630 (nocam
1326 3568 1361 3618 D.

216 3656 242 3716 9,
262 3654 287 3714 3,
307 3652 321 3701 1
340 3648 394 3715 pr.)
414 3664 494 3715 quam
513 3652 618 3701 ‘nonae
637 3650 699 3700 dedi
713 3646 811 3701 iubebo'
832 3646 882 3715 (ib.
902 3653 918 3703 5
935 3652 951 3712 5
969 3651 1004 3717 6).
1040 3650 1111 3701 Item
1128 3652 1199 3702 Inst.
1217 3654 1243 3717 4,
1262 3654 1294 3704 17
1311 3651 1327 3714 θ
1347 3654 1360 3702 1

216 3741 319 3787 ‘necne
343 3734 453 3786 dedere'
479 3750 512 3785 ex
539 3732 699 3786 melioribus
722 3734 829 3799 aliquot
855 3736 934 3787 libris
962 3736 1148 3801 reponendum
1173 3740 1228 3801 est,
1254 3752 1307 3789 nec
1333 3737 1363 3787 in

217 3820 369 3873 Glossariis
387 3824 452 3887 puto
471 3820 658 3871 detonsionem
676 3818 780 3871 habere
799 3824 918 3873 ‘nomam
937 3822 1008 3872 dedit
1026 3816 1075 3873 εἰ(
1098 3820 1212 3874 κόλαειν
1228 3818 1361 3889 δέδωκεν,

217 3901 266 3957 εἰ(
293 3902 421 3957 εὐθύνας.
462 3904 580 3956 Fallitur
610 3910 703 3955 autem
735 3902 769 3956 de
801 3904 921 3971 Sulpicii
951 3906 1184 3971 interpretatione
1212 3906 1363 3958 locutionis
1468 3941 1470 3946 ,

216 3990 386 4042 Schraderus
406 3989 440 4039 cd
459 3992 528 4043 1001.
546 3990 570 4047 4,
589 3992 605 4041 8
623 4006 679 4055 pn:
698 4006 795 4057 nempe
814 3996 889 4057 ‘pro
905 4000 1014 4057 peceato
1032 3992 1095 4043 dedi
1110 3992 1193 4043 tebet’
1213 3996 1361 4058 00111100-

216 4092 283 4127 nam
298 4092 348 4141 pro
366 4072 492 4140 peceato)

288 4158 309 4227 ¹)
332 4160 402 4211 Eam
430 4160 502 4210 eninr
524 4160 580 4209 rim
603 4174 685 4225 qnam
708 4162 832 4213 tribuere
855 4162 967 4213 videtur
989 4162 1182 4229 Schweglerns
1204 4160 1239 4213 Η.
1263 4160 1297 4212 11.
1318 4161 1363 4215 111

159 4240 168 4255 ‘
216 4260 242 4311 p.
260 4245 293 4296 98
316 4260 343 4297 0.
364 4247 380 4297 6
401 4260 456 4295 000
479 4245 584 4296 habent
601 4245 689 4296 verba
712 4260 746 4295 ex
764 4246 875 4311 Fregm.
895 4247 1040 4297 Vaticanis
1059 4263 1084 4297 a.
1105 4248 1172 4299 1824
1195 4244 1278 4297 editis
1295 4247 1311 4308 ξ
1328 4249 1362 4297 50

217 4333 286 4397 ‘qrda
304 4336 330 4380 et
346 4331 556 4396 otondpetionem
573 4336 598 4381 et
621 4333 648 4380 ie
664 4332 721 4381 iure
738 4332 876 4381 cessionem
897 4334 943 4382 tex
962 4332 1023 4381 XII
1041 4332 1181 4382 tabularum
1199 4332 1361 4394 confimat’:

218 4430 288 4479 qnae
307 4415 342 4466 ad
359 4414 398 4467 VI
419 4417 430 4464 1
451 4416 513 4465 016
536 4416 677 4483 respicere
696 4416 750 4465 iam
768 4414 925 4466 Dirksenus
941 4416 1012 4468 vidit
1028 4415 1097 4465 Ado.
1116 4432 1143 4481 p.
1162 4417 1224 4467 745:
1245 4431 1305 4466 cnm
1324 4415 1361 4465 ab

217 4498 262 4549 16
280 4504 347 4551 ‘rem
364 4500 407 4550 ubi
421 4508 521 4566 peperat
538 4504 628 4552 crato’
647 4500 675 4551 in
700 4501 759 4551 iure
779 4501 932 4550 cessionem
949 4499 1024 4551 baud
1048 4498 1231 4565 probabiliter
1252 4502 1362 4567 repetat

216 4582 375 4635 Huscbkius
393 4586 420 4636 in
440 4586 491 4649 cd„
512 4587 558 4666 qui
577 4587 648 4637 lineo
665 4586 752 4636 rerba
770 4584 837 4635 mire
857 4586 977 4637 vexavit.

1107 4669 1128 4734 5
1140 4673 1158 4710 tt
