3409 5409
380 522 426 568 us
449 521 499 569 mr
523 520 736 570 saevusnvu
759 522 938 585 usurovns
961 525 1207 576 oonnrcnnnls.
1326 512 1369 577 55

198 691 244 741 tre
266 682 349 741 tomo
363 682 438 741 leuis
452 696 491 740 ne
507 684 665 755 populeris
678 682 867 743 libentissime
881 698 1110 744 commemoras:
1133 683 1277 761 “euput
1300 687 1365 745 ot·
1477 745 1480 755 ,

198 801 227 841 n
238 783 359 855 ubito,
390 782 496 843 orbari
518 782 635 856 infelici
658 786 860 861 suspirarem
889 804 917 847 e.
944 805 976 869 q.
1002 806 1029 848 s.
1078 782 1113 847 Is
1139 793 1251 848 autem
1276 784 1366 871 quod

198 881 436 967 'Parquinium
452 879 534 965 legis
558 891 725 948 auctorem
755 882 851 967 facit,
868 906 967 971 qnam
982 882 1079 949 'Iullo
1094 883 1237 951 Hostilio
1252 885 1369 952 tribuit

198 984 335 1048 Livius
343 1031 353 1065 ,
368 1004 435 1049 non
449 981 585 1048 difficile
600 994 651 1049 est
672 1008 715 1050 ex
735 986 876 1051 oratoris
897 985 1032 1052 consilio
1047 985 1301 1073 explicationem
1316 1009 1365 1052 re·

200 1094 345 1174 petere:
373 1106 452 1151 sane
470 1086 567 1151 Livio
582 1088 615 1151 in
631 1087 693 1153 hac
708 1110 743 1152 re
759 1090 866 1173 magis
882 1088 1125 1155 confidendum.
1162 1087 1246 1153 Cum
1265 1089 1369 1175 igitur

200 1195 378 1275 appareat
397 1186 470 1252 XII
492 1188 621 1253 tabulas
650 1191 737 1276 apud
760 1190 896 1256 Festum
924 1214 990 1257 non
1012 1190 1208 1276 significari,
1235 1199 1304 1255 tum
1326 1214 1369 1257 ne

201 1290 360 1376 Bergkii
377 1289 509 1377 quidem
526 1291 731 1375 ingeniosum
754 1292 926 1357 inventum
943 1291 1049 1373 ‘lenem
1071 1312 1185 1372 quoque
1199 1298 1367 1359 Praenesti·

201 1399 302 1457 nam’
330 1391 482 1479 (Ephem.
510 1390 610 1458 litter.
632 1394 708 1458 Hal.
736 1394 817 1459 1842
840 1418 871 1459 n.
897 1395 973 1483 105)
998 1395 1173 1483 probatum
1199 1394 1368 1462 Rubinoni

207 1494 330 1579 (Diar.
348 1494 449 1581 antiq.
466 1494 551 1560 stud.
571 1496 653 1561 1844
667 1519 699 1582 p.
711 1496 774 1561 345
789 1497 837 1583 n.)
855 1496 990 1563 defendi
1005 1499 1071 1561 iam
1086 1497 1224 1584 poterit:
1242 1496 1302 1563 sed
1316 1518 1367 1563 ac·

205 1596 453 1685 quiescendum
468 1596 601 1661 videtur
615 1597 649 1659 in
665 1596 807 1683 simplici
822 1598 947 1684 Eggeri
962 1598 1190 1665 emendatione
1204 1605 1274 1678 tec.
1290 1620 1368 1680 qua

205 1722 276 1779 que
287 1706 499 1778 peruetustom'
516 1698 604 1783 (Vet.
621 1720 719 1763 serm.
734 1697 792 1764 lat.
808 1699 878 1765 rell.
896 1723 928 1787 p.
945 1702 1012 1786 37).
1042 1700 1085 1766 cf.
1102 1699 1218 1767 Cicero
1233 1722 1266 1788 p.
1279 1699 1368 1767 Tull.

205 1806 231 1885 5
249 1801 296 1865 47
313 1806 418 1879 ‘Atque
432 1806 482 1865 iile
495 1807 589 1879 lenem
603 1806 677 1865 milti
690 1806 728 1865 de
742 1804 812 1865 XII
824 1808 935 1867 tubulis
948 1808 1085 1867 recitarit
1099 1842 1138 1851 -
1153 1814 1184 1867 et
1193 1810 1288 1883 leuem
1303 1823 1366 1867 ua-

207 1910 333 1983 liquem
348 1908 386 1967 rte
400 1907 513 1982 lecimus
526 1910 678 1969 socratis?

303 2004 375 2069 Iam
390 2006 479 2093 qnod
493 2004 680 2072 Dirksenus
696 2005 783 2071 VIII
797 2006 818 2073 5
832 2008 944 2094 posuit
958 2012 1111 2089 ‘Buptties
1126 2045 1167 2057 —
1181 2014 1304 2074 soreito’
1320 2009 1368 2074 ita

204 2106 317 2193 vulgo
334 2106 535 2193 suppletum:
554 2114 701 2189 ‘rupitias
720 2117 773 2189 qui
786 2114 887 2188 faxit,
907 2118 1035 2176 soroito’
1059 2110 1117 2197 (of.
1138 2110 1312 2177 Dacierins
1335 2122 1369 2177 et

205 2212 252 2277 0.
274 2208 451 2276 Muellerus
472 2211 515 2275 ad
537 2210 626 2275 Fest.
646 2235 679 2298 p.
694 2212 759 2277 264
779 2237 811 2278 v.
834 2214 983 2301 rupitias.
1010 2212 1205 2278 Huschkins
1222 2213 1366 2280 ‘Gaius’

209 2336 245 2401 p.
266 2312 347 2398 206)
370 2334 428 2377 cnr
450 2312 643 2396 abiecerim‚
671 2314 750 2380 data
776 2316 948 2383 occasione
969 2324 1085 2402 postea
1105 2314 1270 2381 indicabo.
1305 2315 1369 2381 Oui

209 2415 319 2481 alium
335 2413 443 2480 locum
458 2416 630 2481 coniunxit
644 2416 836 2483 Rudorffius
851 2417 895 2482 H.
911 2418 934 2481 i.
949 2440 975 2482 r.
992 2418 1009 2483 I
1024 2439 1056 2504 p.
1073 2418 1161 2483 9811.
1180 2419 1195 2482 1
1220 2418 1254 2482 in
1269 2416 1367 2483 Pauli

211 2518 366 2585 Sentent.
381 2539 446 2582 rec.
463 2517 632 2584 codicibus
648 2518 775 2605 aliquot
789 2518 948 2584 nuditum
963 2521 981 2585 I
997 2520 1052 2602 12,
1068 2520 1089 2583 2
1104 2528 1162 2583 ‘ex
1176 2524 1223 2582 bis
1237 2526 1290 2599 qui
1303 2540 1365 2584 uu-

210 2628 319 2687 citlnm
333 2628 628 2701 campunarum,
650 2628 742 2686 ulium
762 2625 935 2699 reformare
954 2628 1105 2701 cauendus
1124 2629 1193 2701 est',
1216 2642 1365 2709 cumpro

213 2730 269 2788 ‘ex
285 2728 342 2787 tis’
359 2723 518 2790 scriberet
534 2730 586 2787 ‘eor
601 2728 692 2789 XII'.
719 2724 766 2790 At
781 2746 853 2789 eam
868 2725 1081 2791 mutationem
1097 2726 1279 2791 sententiae
1293 2746 1368 2791 con·
1454 2732 1464 2743 “

214 2825 347 2891 dicione
363 2846 480 2913 parum
491 2826 656 2892 firmatam
671 2825 790 2891 merito
806 2824 951 2913 explosit
964 2826 1159 2892 Huschkius
1175 2826 1218 2892 ad
1229 2824 1323 2893 Paul.
1334 2824 1369 2909 l.‚

216 2928 276 3015 qui
291 2936 397 2994 totum
411 2929 619 2995 enuntiatum
633 2938 671 2995 ut
685 2928 865 2995 barbarum
877 2927 1021 2994 seclusit.
1043 2930 1154 3016 Atque
1165 2930 1276 3017 inepte
1287 2950 1367 2994 sano

216 3030 302 3097 haec
316 3031 401 3096 inter
416 3030 497 3097 duas
515 3031 556 3097 de
570 3029 665 3097 falsis
681 3032 863 3097 sententias
878 3031 1128 3118 interpolantur.
1371 3024 1374 3038 '

306 3132 517 3199 Ciceronis
538 3134 650 3201 verbis
672 3133 713 3199 de
734 3132 797 3217 leg.
814 3132 922 3215 1124,
942 3134 985 3198 60
1005 3138 1177 3213 ‘credoque
1198 3139 1279 3213 quod
1300 3145 1368 3197 erut

215 3242 404 3315 factitatum,
421 3250 453 3301 ut
467 3243 522 3301 uni
528 3244 626 3317 pluro
637 3242 746 3314 tierent
759 3242 886 3314 lectique
897 3242 1002 3315 plures
1015 3246 1227 3313 sternerentur,
1242 3240 1276 3299 id
1289 3256 1366 3314 qsco-

217 3361 276 3421 que
297 3360 334 3403 ue
351 3346 439 3414 fieret
458 3346 523 3417 lece
542 3350 677 3403 sonetum
697 3344 767 3410 est',
784 3358 858 3401 cum
873 3337 1038 3423 peculiare
1058 3337 1142 3422 logis
1157 3346 1369 3425 praeceptum

219 3440 380 3507 contineri
395 3441 563 3522 videatur,
579 3444 728 3518 ‘funera'
745 3437 799 3504 vel
814 3442 968 3516 ‘feretro’
984 3461 1049 3526 quo
1071 3438 1234 3504 sententia
1254 3450 1369 3521 staret,

220 3553 297 3609 ante
315 3548 452 3619 ‘fierem'
475 3542 689 3607 inserendum
709 3542 774 3606 init
789 3538 983 3606 editoribus.
1013 3540 1079 3607 Sed
1094 3541 1195 3606 istam
1209 3541 1370 3607 rationem

196 3675 205 3683 ·
221 3654 273 3712 sat
286 3644 445 3731 gravibus
466 3644 670 3729 argumentis
692 3643 901 3731 impugnavit
916 3641 1161 3708 Schoemannus
1177 3640 1299 3729 Opusc.
1316 3642 1370 3709 III

113 3797 114 3801 η
220 3748 283 3815 386
298 3770 347 3836 sq.
377 3746 462 3811 Nam
477 3758 515 3813 ut
531 3747 682 3813 ‘funcra’
700 3768 866 3813 sumamus
888 3754 978 3811 recte
997 3744 1090 3811 addi:
1113 3747 1238 3811 ‘eredo'
1260 3755 1370 3811 tamen

221 3874 293 3916 cum
308 3852 370 3917 soli
387 3850 602 3918 secundariae
613 3850 793 3917 sententiae
806 3850 982 3917 conveniat
993 3854 1088 3929 ‘quod
1096 3852 1270 3927 semitutum
1280 3858 1370 3925 erot’,

222 3962 253 4019 et
267 3976 400 4041 prorsus
422 3955 562 4021 otiosum
583 3963 634 4019 est
648 3991 690 4001 -
705 3974 781 4018 nam
803 3962 898 4041 patet
916 3951 1065 4039 profecto
1088 3974 1156 4019 non
1176 3951 1284 4017 vetari
1303 3951 1369 4016 nisi

224 4078 306 4143 quae
332 4056 483 4123 factitata
509 4066 606 4123 antea
631 4058 698 4121 sint
718 4095 759 4106 -
781 4065 815 4122 ct
834 4064 966 4142 praeter
986 4064 1191 4121 constantem
1210 4075 1308 4119 usum
1333 4076 1373 4121 ea

223 4180 304 4244 quae
330 4168 510 4244 sequnntur
535 4171 726 4249 praeparat,
757 4180 830 4223 cum
857 4156 961 4223 soleat
987 4158 1032 4223 ad
1056 4157 1170 4246 priora
1193 4158 1369 4244 respicere.

225 4259 395 4325 Gravioris
411 4260 565 4347 ponderis
582 4269 633 4325 est
646 4262 731 4326 mira
747 4262 982 4327 sententiarum
996 4259 1220 4351 perturbatio,
1236 4279 1310 4323 cum
1324 4258 1372 4323 in-

225 4371 270 4427 ter
295 4384 433 4430 coronas
462 4371 495 4428 et
520 4385 653 4447 aurum,
684 4365 706 4427 i.
735 4385 763 4428 e.
789 4370 983 4427 ornamenta
1006 4371 1133 4427 mortno
1160 4360 1275 4427 addita
1300 4360 1371 4427 sine

153 4524 162 4542 ,
226 4486 339 4531 caussa
352 4466 434 4531 hacc
450 4466 490 4531 de
505 4464 654 4553 pluribus
671 4464 845 4531 funeribus
862 4462 1020 4550 lectisque
1031 4465 1290 4553 interponantur.
1306 4465 1372 4531 Ita-

228 4587 286 4653 que
303 4576 389 4633 totus
406 4568 440 4633 in
457 4566 675 4634 Schoemanni
695 4578 807 4656 partes
829 4566 971 4653 pedibus
987 4588 1041 4649 co,
1062 4566 1119 4654 qui
1139 4571 1323 4648 ‘credoque’
1338 4568 1374 4632 in
