3409 5409
446 511 494 559 ns
515 508 701 561 nvoosonr
724 508 939 557 rinvmsvu
961 504 1146 559 nasonia·
1326 491 1366 558 15

217 665 368 733 Servium
383 662 522 749 Vergilii
543 666 769 752 interpretem:
799 663 855 751 qui
877 664 965 751 quod
987 662 1031 728 sd
1045 664 1129 729 Aen.
1146 660 1216 728 XII
1231 662 1294 728 606
1308 660 1365 726 ad·

217 779 314 837 notat
331 777 462 833 ‘cautum
476 770 822 847 teterrimarum,
845 788 883 830 ne
903 773 1042 831 mulieres
1061 776 1223 845 carperent
1240 769 1365 847 sociem,

217 876 264 936 tis
279 876 375 935 vohis
396 874 527 933 “multer
543 872 657 946 factem
677 887 715 933 ne
734 875 886 947 carpito”‚
911 865 1018 952 legem
1043 867 1084 931 de
1110 889 1170 932 suo
1195 866 1306 933 fictam
1331 868 1366 930 in

218 971 326 1039 iocum
341 974 502 1059 genuinae
518 970 692 1038 substituit
707 992 727 1035 a
742 970 901 1035 Cicerone
913 967 1052 1056 aliisque
1063 968 1205 1034 traditae
1217 974 1368 1034 ‘mulieres

215 1096 311 1155 penus
326 1096 364 1141 ne
377 1078 520 1139 radunto’
538 1072 587 1158 (X
600 1074 653 1157 4):
674 1072 767 1139 ouius
784 1065 935 1138 licentiae
951 1071 1039 1158 apud
1054 1070 1194 1137 eundem
1208 1071 1275 1137 alia
1289 1092 1366 1159 quo·

221 1200 284 1265 que
298 1185 431 1264 praesto
447 1186 522 1243 sunt
536 1174 670 1241 indicia.
971 1245 973 1248 ,

303 1280 366 1344 His
386 1301 465 1345 vero
486 1278 639 1345 omnibus
660 1274 878 1344 consideratis
901 1272 1012 1362 ecquis
1032 1274 1099 1339 iam
1120 1275 1265 1358 dubitet,
1288 1276 1367 1363 quin

220 1402 397 1467 numquam
419 1378 567 1445 extiterit
586 1400 723 1443 aeneum
743 1378 827 1443 iliud
847 1378 935 1465 quod
955 1379 1062 1443 fertur
1081 1386 1159 1465 post
1176 1378 1366 1443 incendium

222 1483 386 1549 Gallicum
406 1483 595 1547 restitutum
615 1480 687 1545 XII
708 1479 895 1545 tabularum
915 1480 1142 1567 exemplar?¹)
1187 1480 1253 1562 Qui
1280 1480 1367 1545 enim

221 1585 291 1650 fiori
313 1586 436 1672 potuit,
463 1591 500 1649 ut
521 1592 569 1648 tot
588 1581 642 1648 vel
663 1582 786 1648 abusus
807 1581 861 1648 vel
875 1604 1002 1647 errores
1017 1583 1313 1664 committerentur,
1338 1583 1368 1647 si

221 1684 314 1770 ipsae
336 1684 468 1751 tabulae
487 1684 698 1751 venerantiae
712 1685 921 1771 antiquitatis
936 1683 1068 1773 publice
1082 1686 1117 1749 in
1132 1684 1204 1749 foro
1219 1684 1366 1770 proposi-

220 1797 274 1849 tae
289 1786 505 1870 mansissent,
527 1787 645 1875 quibus
667 1784 721 1852 vel
742 1787 878 1851 minima
892 1785 1115 1875 discrepantia
1128 1788 1241 1851 statim
1256 1785 1366 1849 redar-
1428 1854 1433 1859 ,

222 1890 398 1971 gueretur?
428 1888 533 1954 Immo
548 1888 782 1974 grammaticos
796 1898 943 1971 veteres,
964 1910 1101 1976 quorum
1121 1886 1254 1975 quidem
1268 1887 1366 1973 piuri-

221 2012 309 2055 1num
325 1990 512 2072 interesset,
528 1999 566 2055 ut
581 1990 623 2055 sd
637 1991 810 2077 pristinam
827 1991 908 2076 tegis
921 1991 1075 2072 formam,
1091 1989 1201 2078 quoad
1214 1991 1284 2054 eius
1296 1990 1367 2057 fieri

222 2103 351 2179 posset,
374 2092 536 2175 redirent,
561 2116 603 2157 ex
622 2093 702 2180 ipsis
719 2094 916 2179 fragmentis
931 2102 1061 2158 constat
1074 2093 1124 2157 uti
1138 2114 1205 2158 non
1219 2093 1366 2179 potuisse

221 2194 285 2259 nisi
306 2192 464 2281 exemplis
486 2194 588 2259 multo
610 2196 847 2261 recentioribus
870 2205 903 2260 et
917 2195 1052 2282 antiquo
1068 2194 1176 2261 colore
1190 2216 1311 2280 magna
1325 2218 1368 2261 cx

222 2306 315 2381 parte
336 2296 476 2383 privatis
497 2306 531 2361 et
551 2294 784 2407 additamentis
806 2297 872 2363 iam
895 2307 964 2362 tum
984 2296 1084 2362 semel
1106 2299 1238 2385 saepius
1253 2298 1366 2385 ampli·

190 2422 198 2429 ’
223 2396 340 2462 ticatis.

307 2500 412 2587 Atqui
435 2499 537 2565 salvis
556 2499 646 2567 hisce
666 2499 769 2567 nihilo
791 2503 899 2567 minus
919 2499 1113 2565 contendere
1134 2500 1240 2565 ausim
1264 2500 1367 2568 fuisse

225 2598 403 2689 aliquando
425 2612 524 2691 atque
544 2602 627 2670 adeo
648 2602 763 2689 quinto
783 2615 860 2691 post
882 2603 1047 2669 Christum
1067 2602 1198 2669 saeculo
1218 2603 1367 2669 extitisse

222 2702 304 2789 legis
326 2703 496 2791 exemplar
523 2706 558 2769 in
583 2726 639 2769 aas
667 2706 807 2771 incisum
826 2744 869 2753 -
889 2726 1087 2793 quamquam
1108 2705 1143 2769 id
1162 2727 1222 2770 nec
1242 2704 1367 2770 Romae

222 2808 426 2893 propositum
440 2828 501 2871 nec
516 2816 680 2873 vetustate
695 2807 834 2893 insigne.
859 2808 969 2873 Verba
984 2819 1061 2873 sunt
1073 2807 1107 2873 S.
1121 2806 1279 2894 Cypriani
1289 2806 1367 2872 Car-

222 2908 440 2992 thaginiensis
448 2910 481 2973 in
488 2908 679 2997 epistulaad
689 2910 856 2975 Donatum
865 2910 953 2976 circa
960 2932 1119 2997 annump.
1128 2909 1205 2975 Chr.
1213 2909 1368 2976 COXLV

222 3008 362 3097 scripta,
383 3032 448 3098 qua
468 3011 572 3078 amico
594 3034 707 3079 recens
730 3012 828 3077 iidem
848 3006 1000 3099 professo
1016 3017 1063 3078 ‘ut
1075 3019 1230 3077 inlustrius
1244 3020 1368 3078 veritae

216 3116 377 3191 patefacta
392 3118 488 3179 dissat
499 3122 631 3180 muno-is
644 3122 758 3181 indictis
770 3122 961 3188 clarescens,
978 3124 1136 3181 ‘mulorum
1150 3123 1280 3195 calistus
1294 3121 1368 3181 uts-

222 3226 302 3280 tersa
330 3222 429 3297 operti
453 3224 568 3283 saeculi
586 3222 724 3284 miras
743 3225 867 3284 revelas
889 3220 929 3303 (c.
945 3219 981 3305 5)
999 3218 1050 3284 ita
1069 3219 1282 3307 pronuntiata
1301 3241 1330 3284 c
1346 3220 1368 3283 9

224 3318 310 3407 (10):
328 3321 403 3383 ‘Sed
415 3323 469 3383 titi
475 3332 546 3400 post
559 3326 717 3386 insidiosas
731 3328 803 3399 ctas,
817 3332 884 3402 post
898 3326 1051 3402 dispersas
1065 3327 1135 3386 orte
1150 3332 1206 3388 toto
1220 3329 1368 3401 multipli-

223 3442 272 3485 ces
283 3440 419 3500 pronus,
432 3432 500 3501 post
512 3431 685 3501 spectacula
699 3432 746 3489 vet
758 3436 886 3490 menta
900 3431 947 3489 vel
959 3430 1063 3504 turpia
1079 3472 1087 3489 .
1104 3474 1112 3487 .
1130 3472 1139 3490 .
1156 3474 1163 3488 .
1177 3429 1281 3502 sorum
1294 3429 1368 3502 sor-

227 3556 426 3569 *anna—-

293 3626 312 3691 ¹)
330 3624 441 3679 Diodor.
459 3626 515 3679 iili
532 3628 566 3680 to
587 3626 655 3693 nui
671 3633 810 3696 γραφεῖεα
827 3627 977 3695 sauciatio
999 3625 1123 3696 βραχέως
1144 3628 1191 3683 καὶ
1208 3605 1368 3699 duapirimc

222 3709 384 3777 (υγκειμένη
403 3710 519 3777 διέμεινε
537 3709 732 3781 θαυμαζομένη
750 3714 827 3781 μέχρι
844 3718 906 3768 τῶν
924 3716 990 3768 καθ’
1007 3715 1080 3781 ἡμᾶς
1098 3718 1204 3782 καιρῶν
1221 3733 1275 3769 non
1287 3735 1369 3786 sporo

224 3816 241 3851 a
259 3814 394 3865 quoquam
412 3798 441 3851 iu
459 3806 640 3868 campartem
653 3808 800 3869 acceptum
812 3802 860 3854 iri:
880 3804 926 3870 qui
938 3818 1048 3869 prorsus
1062 3804 1145 3855 aliter
1156 3802 1266 3857 locutus
1284 3813 1368 3872 esset,

222 3885 247 3935 si
264 3886 320 3950 ipsi
336 3884 391 3937 XII
408 3885 522 3939 tsbaiss
540 3902 644 3940 aeneas
666 3872 762 3940 videre
786 3888 957 3955 contigisset.
993 3888 1048 3940 Sed
1070 3888 1181 3941 coniicit
1200 3906 1273 3959 rem,
1297 3906 1367 3957 quae

223 3990 257 4025 ox
275 3975 330 4024 ists
347 3974 476 4041 opinione
493 3990 529 4027 ne
547 3974 681 4041 explicari
699 3976 809 4040 quidem
826 3976 928 4041 possit,
946 3973 981 4025 de
998 3978 1062 4041 ipsa
1078 3976 1237 4027 tabularum
1249 3978 1369 4028 materia

223 4064 348 4111 veterum
365 4060 515 4112 dissensio:
534 4074 603 4127 quas
623 4076 726 4113 aeneas
743 4060 840 4111 Livius
859 4060 902 4111 111
918 4063 961 4113 tr.
980 4062 1095 4127 Dionys.
1113 4062 1177 4112 Hal.
1196 4062 1222 4111 X
1238 4062 1280 4112 tt.
1301 4062 1368 4113 Dio·

224 4145 304 4197 dorus
322 4146 376 4197 xil
394 4146 440 4211 26,
462 4146 579 4201 choreas
601 4146 647 4199 vel
665 4148 689 4197 si
707 4145 879 4212 Scaligerum
901 4148 1026 4212 sequeris
1048 4147 1178 4199 roboreae
1200 4149 1368 4214 Pomponius

223 4230 289 4297 Dig.
307 4232 334 4296 1,
352 4234 377 4297 2,
395 4232 411 4283 2
429 4231 444 4294 fl
461 4233 479 4283 4
496 4230 617 4283 tradunt.
652 4232 685 4281 In
703 4232 801 4298 quibus
820 4232 936 4285 diversis
958 4234 1067 4284 diverso
1086 4234 1165 4284 modo
1184 4234 1367 4285 conciliandis

224 4316 327 4370 trustra
348 4316 518 4369 sudaverunt
540 4317 594 4368 riri
619 4316 707 4381 docti3
735 4318 772 4373 ci.
796 4318 916 4369 maxime
939 4319 972 4369 G.
995 4317 1198 4369 Wernsdoriins
1223 4319 1304 4371 Obss.
1333 4320 1367 4371 de

224 4403 341 4454 materia
362 4404 416 4454 xil
434 4400 592 4454 tabularum
617 4402 809 4467 vitembergae
834 4420 878 4469 ap.
896 4404 1026 4454 Diirrium
1050 4401 1083 4467 (s.
1103 4403 1149 4466 a).
1179 4405 1200 4455 1.
1219 4405 1266 4455 Fr.
1286 4405 1367 4456 liern-

223 4492 299 4540 terus
316 4488 462 4541 vindiciae
481 4487 625 4554 Pomponii
643 4487 676 4539 de
695 4489 812 4539 materis
830 4488 885 4540 ΧΠ
902 4487 979 4539 tabb.
998 4487 1074 4553 Lips.
1095 4490 1168 4541 1766.
1199 4488 1265 4541 Otto
1283 4490 1366 4543 Thes.

223 4572 262 4625 lii
283 4575 374 4640 praei.
392 4575 417 4626 4.
447 4576 577 4627 Ossnnus
596 4574 631 4625 sd
649 4575 792 4641 Pomponii
810 4574 844 4625 de
863 4576 932 4640 orig.
952 4576 1002 4625 iur.
1020 4576 1119 4642 fragm.
1137 4593 1164 4643 p.
1182 4578 1215 4627 27
1233 4592 1276 4644 sq.
