3409 5409
331 542 366 591 VI
804 499 1003 588 PRAEFATlO

414 697 485 761 Iam
510 718 585 760 vero
609 718 680 758 curn
710 698 920 782 scriptionem
948 716 1052 757 meam
1081 692 1176 772 ordo,
1206 715 1302 779 quarn
1330 692 1480 777 praemio

329 820 458 873 ornaret
464 858 473 891 ,
498 810 632 893 digna-m
654 807 847 887 iudicasset,
879 828 917 869 ea
938 815 975 870 ut
997 804 1121 892 publici
1150 806 1230 868 iuris
1249 804 1341 868 saeta
1363 813 1395 867 et
1417 816 1478 867 ex-

329 933 439 984 ternae
469 919 650 1005 elegantiae
685 919 783 984 decus
814 920 977 1005 acciperet
1009 928 1042 981 et
1073 914 1240 1003 aliquanto
1273 914 1479 979 emendatior

329 1031 490 1118 prodiret,
514 1033 637 1117 insigni
660 1030 866 1095 Friderici
881 1027 1103 1094 Ritschelii
1125 1028 1345 1113 praeceptoris
1361 1025 1476 1090 huma-

248 1146 252 1155 '
328 1145 457 1208 nissimi
480 1143 584 1229 deque
600 1145 681 1207 meis
696 1142 793 1206 rebus
810 1142 931 1229 optime
949 1142 1059 1204 meriti
1081 1136 1239 1204 beneficio
1262 1138 1384 1202 factmn
1407 1147 1474 1202 est:

330 1258 385 1341 qui
416 1265 448 1319 et
475 1253 687 1341 bibliopolam
717 1254 982 1319 honestissimum
1010 1252 1218 1338 Lipsiensem
1246 1271 1319 1313 mea
1347 1271 1474 1331 caussa,

330 1376 366 1431 ut
388 1376 537 1454 sumptus
561 1364 664 1429 libelli
687 1365 805 1429 edendi
828 1365 1015 1452 praeberet,
1038 1362 1180 1427 adduxit
1202 1371 1235 1426 61
1256 1359 1476 1425 bibliothecae
1505 1410 1510 1417 .

330 1479 511 1543 Bonnensis
532 1476 688 1541 subsidiis
710 1476 824 1542 utendi
847 1478 974 1563 copiam
988 1473 1070 1539 mihi
1091 1473 1312 1559 largissimam
1333 1474 1474 1558 paravit.

329 1588 455 1653 Eodem
487 1588 710 1652 intercedente
745 1588 948 1651 Martinus
983 1586 1177 1649 Hertzius
1211 1606 1254 1649 ex
1291 1606 1379 1671 penu
1416 1607 1476 1650 sua

329 1698 481 1765 Gelliana
507 1722 613 1763 meum
642 1702 676 1763 in
702 1721 796 1762 usum
826 1697 986 1785 quidquid
1014 1697 1057 1760 ad
1084 1695 1190 1781 legem
1218 1696 1395 1783 pertineret
1418 1695 1473 1759 de·

328 1812 489 1898 prompsit
510 1810 654 1897 mihique
677 1812 723 1874 ita
745 1809 980 1891 commodavit,
1002 1817 1039 1872 ut
1061 1809 1266 1872 coniunctam
1279 1828 1355 1872 cum
1377 1805 1475 1871 solita

329 1932 362 1987 61
384 1944 480 2010 saepe
502 1919 575 1985 aliis
592 1930 728 2007 experta
743 1923 806 1985 viri
823 1919 1036 1984 illustrissimi
1051 1918 1273 1984 munificentia
1289 1919 1474 1983 comitatem

328 2056 394 2098 non
427 2035 505 2097 satis
539 2030 709 2097 dilaudare
742 2033 873 2119 possim.
929 2032 1081 2117 Denique
1112 2051 1154 2092 ne
1182 2028 1245 2093 hoc
1280 2029 1412 2115 quidem
1439 2031 1474 2093 in

330 2166 427 2231 opere
456 2143 561 2208 defuit
588 2142 1023 2208 11111011111111111111
1051 2142 1270 2229 praeceptoris
1296 2142 1332 2205 in
1359 2141 1473 2227 paucis

269 2332 273 2345 ¹
329 2254 457 2320 colendi
488 2278 584 2342 quam
607 2276 734 2341 semper
755 2255 918 2340 praestitit
939 2275 1017 2317 cura
1040 2262 1072 2315 et
1093 2253 1282 2317 auctoritas.
1326 2251 1474 2331 Quorum

330 2369 473 2433 virorum
489 2367 610 2431 eximia
631 2367 667 2430 in
681 2387 733 2429 me
755 2364 940 2451 librumque
963 2367 1028 2429 iarn
1050 2362 1254 2451 proditurum
1269 2363 1387 2426 merita
1401 2383 1474 2426 cum

329 2476 462 2543 tandem
484 2476 615 2564 publice
637 2476 825 2564 praedicare
841 2498 914 2547 eum
929 2476 1107 2561 gratissimi
1122 2476 1224 2539 animi
1244 2474 1475 2538 testificatione

330 2589 442 2671 liceat,
476 2598 546 2653 tum
574 2610 637 2652 non
671 2588 844 2673 indignum
878 2587 939 2651 hoe
972 2588 1044 2651 istis
1078 2586 1202 2649 meritis
1230 2593 1474 2650 monumentum

331 2698 489 2786 pervelim
509 2699 551 2763 ab
575 2700 654 2786 ipsis
677 2700 820 2784 agnosci.
877 2688 880 2695 ¹

414 2809 638 2896 Reliquiarum
651 2808 850 2874 edendarum
866 2810 1010 2874 instituti
1025 2809 1177 2894 quoniam
1189 2808 1224 2873 in
1235 2807 1474 2895 prolegomenis

280 2908 284 2917 ⁵
331 2924 490 2987 rationem
518 2920 664 3003 reddidi,
694 2920 788 3007 plura
810 2919 954 3007 praefari
974 2919 1022 2983 nil
1044 2920 1177 2983 attinet:
1201 2941 1301 2982 unum
1322 2916 1409 2981 addo
1432 2917 1473 2981 de

330 3034 526 3098 testimoniis
548 3031 630 3117 legis
653 3033 687 3095 in
710 3031 845 3096 alteram
867 3031 1080 3117 reliquiarum
1102 3029 1284 3095 columnam
1307 3030 1474 3095 coniectis.

332 3144 426 3225 Quae
449 3167 522 3210 cum
545 3142 641 3229 plena
664 3142 813 3208 exbiberi
836 3144 907 3229 ipsa
928 3142 1185 3226 fragmentorum
1208 3139 1356 3206 condicio
1382 3140 1474 3224 flagi-

331 3258 424 3338 tarit,
444 3270 522 3319 ‘cum
545 3266 653 3318 tamen
675 3254 808 3318 modum
831 3274 962 3317 servare
984 3256 1019 3315 in
1040 3252 1102 3315 hac
1116 3274 1152 3315 re
1166 3250 1254 3315 haud
1278 3273 1356 3314 sane
1378 3250 1475 3315 facile

331 3367 444 3432 fuerit:
474 3364 536 3429 hoc
557 3364 692 3429 adfirmo
715 3362 798 3429 nihil
825 3387 878 3428 me
900 3365 1060 3451 recepisse
1087 3364 1153 3428 nisi
1180 3362 1268 3449 quod
1295 3384 1411 3449 reapse
1431 3362 1475 3426 ad

331 3477 437 3563 legem
459 3478 622 3565 pertinere
643 3486 700 3541 aut
729 3498 770 3541 ex
798 3477 1067 3563 interpretatione
1089 3474 1172 3559 legis
1200 3474 1381 3561 proiectum
1405 3496 1475 3538 esse

332 3610 521 3675 persuasum
544 3588 693 3652 habeam.
1309 3591 1317 3606 '

416 3698 539 3763 Verum
555 3698 632 3762 dum
647 3696 738 3785 prelo
760 3700 919 3785 premitur
940 3697 1088 3781 libellus,
1113 3696 1286 3760 subustum
1301 3707 1476 3766 esseorum

332 3833 414 3897 quae
447 3820 503 3874 aut
537 3808 682 3874 addidici
717 3820 774 3874 aut
812 3832 895 3896 quae
928 3808 1080 3874 secundis
1115 3808 1201 3871 curis
1237 3806 1370 3872 edoctus
1404 3830 1475 3872 sum
1578 3799 1584 3805 ⁵

332 3921 552 4009 spicilegium:
588 3943 670 4007 quae
698 3942 770 3984 cum
799 3922 866 3985 1111
893 3920 973 3986 locis
1001 3919 1115 4006 reponi
1142 3940 1208 3983 non
1241 3920 1306 3983 iam
1333 3931 1476 4007 possent,

331 4033 373 4097 ad
397 4032 518 4097 calcem
541 4031 636 4096 huius
660 4030 870 4118 praefationis
894 4031 1028 4096 subieci.

419 4297 448 4354 p.
473 4277 505 4350 1,
530 4278 549 4335 3
572 4277 610 4336 cf.
634 4276 693 4335 Tb.
709 4278 917 4336 Mommsenus
940 4275 972 4334 in
992 4272 1107 4335 Annal.
1129 4276 1201 4337 inst.
1225 4276 1475 4338 archaeol.1858

334 4398 364 4456 p.
389 4378 459 4436 191.
485 4380 544 4437 196
557 4398 613 4459 sq,
638 4380 677 4439 de
700 4378 889 4439 tribunorum
906 4376 1115 4458 aediliumque
1131 4400 1223 4459 quarn
1239 4379 1334 4439 fuisse
1351 4378 1476 4459 qnidam

333 4478 459 4539 tradunt
473 4481 554 4540 Livii
578 4490 716 4541 auctores
739 4482 817 4559 legis
834 4480 993 4540 curatione
1009 4490 1092 4542 recte
1107 4480 1246 4541 iudicans
1262 4480 1303 4541 ib.
1321 4483 1381 4542 185
1398 4503 1429 4541 n.
1447 4484 1475 4541 1.

335 4582 394 4640 193
418 4602 447 4641 n.
472 4584 500 4641 3.
538 4583 581 4642 At
604 4582 685 4643 idem
708 4582 790 4663 quod
814 4584 847 4642 in
871 4592 1003 4663 quaeatt·
1026 4604 1100 4644 rom.
1123 4605 1155 4668 p.
1179 4586 1241 4644 300
1256 4602 1302 4665 sq.
1325 4585 1412 4646 129
1435 4582 1475 4647 ad
