3409 5409
372 521 419 569 on
442 520 492 570 xu
516 518 730 569 raavuasvn
752 519 930 582 nanterus
952 520 1199 571 contractors.
1318 504 1362 570 53

197 703 241 747 τε
268 679 321 745 καλ
342 678 532 759 άναγραφῆι
548 676 656 743 αὐτῶν
673 674 733 760 (sc.
748 682 815 743 τῶν
831 676 958 762 νόμων)
974 676 1053 743 δέκα
1067 676 1184 757 άνδρεε
1205 676 1271 756 ἅμα
1291 679 1361 744 τοῖα

199 783 326 849 ἄλλοι(
337 779 527 859 ἀνέγραψαν
538 780 662 858 νόμοις,
674 779 725 843 καὶ
740 778 824 845 ἔττιν
839 779 876 845 ἐν
890 786 929 865 τῇ
941 780 1075 864 τετάρτῃ
1089 785 1158 846 τῶν
1174 779 1360 859 λεγομένων

199 887 341 952 δώδεκα
355 883 479 949 δέλτων
491 882 530 947 ἃ(
546 880 699 948 ἀνέθεκαν
713 882 748 948 ἐν
760 883 880 967 tropa:
897 880 932 945 id
943 881 1075 948 minime
1090 882 1225 969 respicit
1237 880 1280 947 ad
1290 883 1360 945 nni-

202 1008 347 1054 versum
362 984 490 1072 patriae
504 985 678 1072 potestatis
694 985 892 1066 institutum,
906 982 1024 1049 esdad
1038 1006 1156 1049 unam
1171 983 1298 1069 legem
1314 984 1361 1049 de

199 1087 312 1155 filio
328 1098 390 1153 ter
405 1085 649 1153 venumdato
667 1086 730 1173 (IV
745 1086 799 1173 2),
821 1086 862 1152 de
885 1108 950 1173 qua
964 1095 998 1151 et
1017 1086 1053 1150 in
1067 1086 1233 1173 prioribus
1248 1094 1362 1171 egerat

200 1188 399 1277 Dionysias
419 1192 470 1255 καλ
490 1192 510 1256 δ
531 1190 665 1256 πάντων
681 1192 812 1270 μάλιιτα
826 1192 1015 1271 θαυμάεειεν
1029 1188 1071 1255 ἄν
1085 1210 1132 1255 uc
1195 1190 1360 1255 καὶτοῦτο

203 1294 417 1375 ευνεχώρηεε
432 1298 480 1378 τῷ
495 1294 590 1373 πατρὶ
606 1294 696 1374 μέχρι
711 1294 817 1375 τρίτη(
837 1294 985 1374 πράτεωε
1006 1292 1070 1375 ἀφ’
1083 1292 1156 1359 υἱοῦ
1171 1292 1360 1374 χρηματίεα-

202 1405 283 1465 (θαι
299 1398 363 1463 κτλ.
380 1402 413 1459 et
426 1416 514 1459 nuno
527 1396 635 1482 ipsum
649 1396 758 1482 pergit
773 1396 823 1462 ὅτι
838 1397 872 1461 δ’
887 1396 948 1476 οὐχ
962 1396 996 1461 οἱ
1010 1395 1126 1476 ἄνδρες
1142 1396 1234 1461 δέκα.
1249 1448 1255 1461 .
1271 1400 1361 1476 πρῶ-

200 1520 271 1567 τον
288 1502 439 1564 τοῦτον
454 1497 659 1577 εἰεηγήεαντο
674 1500 743 1564 τὸν
758 1498 885 1579 νόμον
900 1498 1079 1579 Ῥωμαίοιε,
1094 1498 1170 1563 ἀλλ’
1184 1499 1220 1565 ἐκ
1234 1501 1360 1565 πολλοῦ

202 1604 365 1683 κείμενον
387 1602 630 1681 παραλαβόντες
652 1600 713 1666 οὐκ
737 1602 912 1681 ἐτόλμηεαν
934 1601 1064 1667 ἀνελεῖν
1088 1600 1123 1665 ἐκ
1145 1602 1281 1670 πολλῶν
1303 1603 1361 1681 μὲν

202 1707 261 1773 καὶ
278 1703 391 1770 ἄλλων
412 1703 708 1785 καταλαμβάνομαι,
729 1702 860 1783 μάλιετα
880 1702 964 1767 δ’ἐκ
983 1706 1051 1769 τῶν
1073 1703 1165 1782 Νομᾶ
1177 1704 1362 1784 Πομπιλίου

203 1858 211 1875 .
231 1860 238 1873 .
257 1859 264 1872 .
283 1807 396 1887 νόμων
413 1807 449 1873 έν
464 1806 513 1871 otc
528 1807 579 1871 καλ
591 1805 689 1871 οὗτοε
699 1808 876 1887 γέγραπται
891 1810 913 1869 ‘.
929 1854 936 1869 .
952 1812 972 1869 .’
988 1803 1070 1885 ὅπερ
1087 1804 1147 1870 οὐκ
1162 1806 1203 1872 ἂν
1218 1806 1363 1887 ἔγραψεν

204 1910 235 1977 εἰ
259 1912 306 1991 μὴ
328 1910 407 1975 κατὰ
428 1909 505 1974 τοδε
525 1910 707 1990 προτέρου(
728 1909 849 1989 νόμον(
874 1908 1019 1975 ἅπαντα(
1047 1908 1137 1987 ἐξῆν
1163 1913 1216 1992 τῷ
1242 1910 1363 1989 πατρὶ

204 2016 368 2079 πωλεῖν
392 2012 487 2077 τοὺ(
513 2012 633 2077 νὶούε.
663 2010 780 2099 Itaque
804 2012 895 2098 prior
919 2010 1009 2076 locus
1035 2010 1074 2076 ΙΙ
1092 2010 1134 2075 26
1157 2009 1225 2096 (ep.
1245 2008 1362 2077 Dirks.

206 2113 261 2181 IV
278 2114 316 2201 2)
333 2112 429 2181 nobis
445 2113 643 2180 omittendus
658 2112 732 2179 fuit.

300 2215 422 2301 Legem
438 2214 580 2283 inlibris
602 2216 647 2281 ad
661 2215 865 2281 Herennium
879 2215 898 2281 Ι
913 2215 969 2298 13,
985 2214 1027 2279 23
1048 2214 1134 2281 inter
1148 2206 1213 2279 tria
1226 2213 1298 2280 XII
1313 2223 1361 2279 ta-

204 2318 368 2386 bularum
394 2316 435 2383 da
462 2318 533 2384 iure
557 2318 756 2385 hereditario
783 2326 909 2384 statuta
933 2318 1090 2382 insertam
1116 2324 1187 2395 ‘qur'
1203 2330 1364 2398 parentem

207 2440 338 2486 necasse
352 2424 502 2486 iudicatus
516 2426 587 2491 erit,
603 2431 636 2485 ut
649 2428 674 2485 is
688 2426 838 2485 obeuntur
852 2430 883 2484 et
894 2424 1041 2499 obtinatus
1053 2426 1138 2485 corto
1156 2424 1317 2485 deiiciatur
1331 2428 1363 2485 in

204 2528 429 2605 profluentem’
444 2522 515 2588 iure
530 2520 718 2610 repudiavit
733 2522 922 2587 Dirksenus
938 2546 970 2610 p.
985 2522 1050 2590 453
1065 2546 1137 2610 sqq.
1153 2546 1173 2587 a
1188 2521 1363 2590 Schuetaio

210 2625 417 2709 damnatam,
433 2648 506 2691 oum
521 2648 626 2712 neque
640 2626 675 2691 in
685 2624 854 2693 Ciceronis
870 2626 912 2691 de
927 2625 1116 2692 inventione
1132 2624 1202 2691 loco
1218 2647 1362 2711 congruo

211 2730 249 2796 II
265 2728 630 2816 50‚14800mpareat¹)
646 2751 751 2817 neque
766 2728 947 2827 quidquam
958 2728 1001 2795 ad
1011 2728 1295 2795 ratiocinationem
1307 2730 1364 2795 tri·

210 2834 277 2900 bus
290 2828 356 2897 illis
367 2830 496 2918 legibus
509 2830 659 2897 affectam
669 2832 841 2920 pertineat,
849 2843 882 2899 et
893 2833 967 2919 ipsa
977 2832 1085 2897 forma
1093 2838 1363 2899 ‘ut—deiiciatur’

213 2972 257 2983 —-
274 2933 354 2999 dum
368 2934 403 2999 in
417 2934 535 3001 catoris
550 2944 701 3001 servatur
716 2935 932 3023 imperativus
948 2943 1031 2999 ‘esto'
1046 2934 1364 3021 -interpolatorem

213 3032 359 3126 prodat(
373 3037 479 3119 Quem
494 3036 665 3124 Kayserus
681 3036 767 3103 vidit
782 3059 824 3103 ex
839 3038 887 3103 eis
902 3059 988 3126 quae
1003 3045 1185 3124 sequuntur
1206 3036 1296 3123 apud
1311 3036 1364 3103 Oi-

214 3160 369 3206 oeronem
383 3139 425 3204 de
440 3140 508 3205 inv.
523 3144 544 3223 ξ
563 3138 622 3205 149
637 3162 698 3206 sua
711 3138 872 3205 hausisse.
895 3140 1009 3228 Neque
1024 3160 1103 3205 vero
1119 3136 1302 3226 quidquam
1316 3137 1364 3204 lu·
1435 3154 1440 3171 ’

215 3264 347 3307 cramur
366 3242 458 3308 Festi
478 3240 549 3307 loco
570 3264 666 3329 quem
681 3240 904 3309 Gothofredus
926 3241 982 3307 isti
1004 3239 1175 3308 coniunxit
1195 3264 1228 3329 p.
1251 3241 1314 3306 170
1334 3266 1364 3307 v.

215 3348 347 3425 Nuptias
370 3392 402 3409 ..
427 3350 511 3424 ‘quio
528 3351 666 3423 flammeo
686 3356 779 3425 caput
797 3348 932 3411 nubentis
949 3349 1137 3421 obvolvatur,
1157 3346 1239 3422 quoa
1251 3352 1368 3424 antiqui

215 3451 364 3512 obnubere
384 3452 535 3510 vocarint:
556 3450 591 3509 ob
605 3466 694 3525 quam
714 3464 838 3511 causum
859 3453 978 3524 teaern
1003 3464 1120 3524 quoque
1142 3458 1366 3530 parenstam

216 3554 320 3614 iubere
333 3559 426 3627 caput
437 3554 501 3613 eius
515 3552 661 3613 obnubere
675 3554 728 3627 qui
738 3558 895 3628 parentem
910 3554 1085 3623 necavisset,
1105 3552 1188 3626 qnod
1205 3559 1249 3611 est
1262 3554 1364 3613 obeat-

217 3656 310 3716 vere?
333 3649 419 3716 Nam
435 3649 521 3737 quod
536 3650 731 3737 corrigendo
747 3650 880 3717 demum
895 3650 1003 3715 effecit
1017 3656 1126 3730 ‘leuem
1142 3669 1257 3731 quoque
1271 3653 1295 3685 “
1305 3658 1368 3730 qni

215 3753 453 3835 parent'em'',
469 3776 534 3820 non
550 3755 655 3841 magis
670 3754 785 3838 habet,
803 3754 861 3841 qui
883 3775 919 3819 se
934 3754 1152 3834 commendet,
1175 3774 1272 3839 quam
1290 3752 1365 3818 Soa-

218 3858 315 3944 ligeri
336 3858 522 3925 coniectura
545 3864 580 3921 ‘t.
596 3880 624 3937 q.
643 3865 815 3939 “parens'’
832 3866 872 3923 ta.
887 3861 959 3921 III'
981 3856 1018 3942 (i.
1035 3878 1063 3922 e.
1084 3854 1199 3923 tabula
1219 3853 1286 3941 ΙΙΙ)
1310 3865 1368 3921 aut

219 3961 351 4027 Hortzii
367 3966 389 3999 ‘²
397 3982 512 4040 parens
534 3972 594 4026 tarn
606 3970 627 3997 ”
645 3960 696 4047 (in
708 3960 873 4026 Fleckeis.
889 3958 1010 4025 Annal.
1025 3957 1105 4046 phil.
1125 3958 1205 4024 1861
1221 3980 1255 4043 p.
1269 3957 1364 4042 220):

219 4084 305 4149 quae
319 4061 423 4129 verba
438 4066 532 4151 quasi
546 4065 678 4130 titulum
693 4063 777 4150 legis
791 4086 835 4129 ex
849 4060 922 4128 XII
936 4062 1128 4148 desumptae
1148 4058 1295 4144 intellegi
1310 4081 1367 4125 νο-

220 4164 302 4231 lunt.
340 4164 426 4229 Nam
450 4166 576 4231 etiamsi
596 4168 753 4254 probetur
775 4164 886 4251 legum
908 4186 1027 4253 corpus
1054 4163 1170 4229 eodem
1191 4162 1279 4246 iure,
1301 4182 1366 4248 quo

222 4267 366 4333 carmina
381 4267 517 4339 Homeri
532 4278 590 4333 aut
604 4268 758 4355 Vergilii,
775 4268 823 4334 eis
839 4266 951 4334 verbis
971 4290 992 4331 a
1012 4266 1131 4355 quibus
1153 4264 1303 4332 ordiatur
1323 4265 1367 4330 ei-

292 4511 315 4578 ¹)
334 4515 505 4579 Quamquam
524 4510 708 4565 Germanus
726 4510 834 4577 quidam
852 4510 925 4561 haee
947 4524 1003 4559 non
1019 4508 1106 4561 solum
1128 4509 1186 4578 legi
1203 4511 1259 4563 ΧΠ
1276 4510 1366 4563 reddi-

224 4594 273 4661 dit,
288 4596 340 4649 sed
360 4598 443 4651 etiam
461 4598 542 4650 libris
560 4598 594 4649 de
612 4596 772 4649 inventione
790 4596 931 4648 reddenda
950 4610 1010 4647 ease
1029 4596 1156 4663 opinatur
1172 4612 1199 4664 p.
1217 4600 1259 4650 24.
