3409 5409
335 548 382 596 un
405 546 892 610 xt1rnnvnrsvuunntevus
915 549 1203 601 consurrvnuurs.
1301 532 1342 599 83

195 704 329 769 Etenim
354 705 513 769 immerito
538 704 647 770 adhue
672 703 857 789 neglegitur
880 715 1028 771 veterum
1056 704 1233 771 deformis
1259 727 1344 792 quae

195 815 273 871 sunt
283 805 396 887 ‘duis',
408 804 518 887 uuir,
534 805 673 871 ‘adduit’
689 806 917 894 similibusque
927 808 1076 873 doctrina
1087 809 1238 894 quamvis
1250 808 1345 873 brevi

194 930 257 974 nee
271 907 336 972 levi
352 898 535 973 Godolredi
556 908 737 974 Hermanni
758 930 895 973 assensu
917 910 1103 997 approbate
1124 910 1180 994 (de
1201 908 1249 976 Io.
1271 909 1343 975 Nic.

193 1010 359 1095 Madvigii
382 1010 652 1096 interpretatione
686 1010 892 1098 quarundam
917 1010 1012 1077 verbi
1040 1010 1135 1077 latini
1163 1011 1344 1077 formarum

192 1112 287 1199 Lips.
304 1113 388 1177 1844
401 1134 432 1198 p.
452 1114 523 1201 18):
548 1136 631 1200 quae
646 1136 689 1178 ex
703 1112 822 1197 glossis
836 1112 927 1179 hisee
941 1114 1118 1201 conspicua
1132 1123 1196 1179 est:
1219 1112 1343 1180 Paulus

193 1215 280 1280 Exe.
295 1237 338 1279 ex
352 1214 452 1279 Festo
467 1239 501 1302 p.
515 1216 557 1280 66
571 1220 663 1279 Ditis
677 1220 755 1279 duur
769 1220 859 1280 habet
871 1223 1112 1296 siqnificutiones.
1143 1222 1220 1280 Num
1240 1228 1269 1281 et
1283 1236 1344 1297 pro

192 1318 242 1383 bic
264 1321 431 1397 ponebatur
456 1328 487 1381 et
508 1339 568 1399 pro
593 1322 765 1381 dederis?
796 1340 827 1405 p.
855 1318 895 1383 27
923 1323 1087 1383 ‘addices
1112 1323 1343 1385 addideris?
1418 1319 1422 1327 “

193 1420 313 1485 Festus
329 1441 362 1506 p.
377 1420 440 1483 229
455 1423 628 1499 ‘produit
637 1412 758 1500 porrd
774 1425 925 1485 dederit
942 1472 947 1484 .
966 1472 971 1483 .
989 1423 1002 1484 .‘
1012 1428 1092 1485 clius
1104 1425 1342 1501 prodiderit!

192 1543 226 1607 p.
241 1521 304 1586 277
330 1527 547 1587 ‘recanduit
569 1526 756 1598 refecerit
774 1524 831 1610 (ex
853 1521 993 1609 palmeri
1010 1522 1168 1609 Scaligeri
1191 1523 1341 1589 emenda-

191 1624 297 1691 tione:
325 1623 397 1690 ood.
413 1629 613 1689 reconductae
624 1626 748 1710 fecerit)
764 1637 797 1689 nt
809 1630 939 1691 condere
959 1630 1061 1690 urbem
1081 1629 1203 1708 fucere,
1231 1631 1342 1701 aedifi-

191 1732 288 1791 cure’
317 1723 428 1792 Gloss.
443 1726 552 1792 Labb.
568 1732 685 1791 ‘adduc
705 1731 890 1809 προετιθῶ.’
919 1726 1076 1793 Videmus
1098 1728 1199 1813 igitur
1215 1727 1341 1793 ‘duim’

191 1836 225 1893 et
240 1825 342 1893 ‘duo'
358 1828 497 1913 perfecti
513 1830 761 1895 coniunctivum
777 1839 809 1895 et
824 1835 971 1895 t'uturum
987 1840 1140 1897 exactum
1155 1839 1343 1897 constanter

191 1928 339 2016 intellegi
363 1952 383 1994 a
403 1931 643 2015 grammaticis:
672 1933 760 2020 quod
780 1954 822 1996 ue
842 1954 902 2019 pro
923 1932 1060 1999 arbitrio
1083 1932 1125 1997 ab
1145 1930 1211 1997 illis
1228 1932 1340 1997 fiotum

193 2041 339 2098 statuam
359 2054 433 2096 cum
454 2032 586 2098 Struvio
609 2033 650 2099 de
671 2033 788 2099 deelin.
807 2044 840 2098 et
856 2035 986 2119 ooniug.
1003 2034 1060 2099 lat.
1078 2057 1110 2120 p.
1126 2034 1188 2099 246
1209 2033 1249 2099 ol.
1266 2032 1340 2116 203,

190 2134 265 2221 ipse
280 2136 476 2221 scriptorum
492 2156 571 2199 usus
587 2134 678 2200 facit.
710 2134 794 2200 Nam
809 2138 843 2199 in
858 2137 1046 2222 precatione
1069 2135 1342 2201 suovetaurilium

191 2236 372 2301 seeundum
388 2235 547 2301 Catonem
564 2236 603 2302 de
618 2258 645 2301 r.
664 2260 690 2301 r.
709 2238 766 2300 141
784 2237 848 2302 fuit
865 2244 982 2317 ‘utique
997 2249 1027 2301 itt
1039 2242 1157 2317 freyen
1174 2241 1341 2317 frumenta,

189 2346 291 2404 vinctu
304 2345 493 2417 nequiterque
504 2343 653 2417 qrcndire
668 2344 797 2418 beneque
810 2348 929 2404 evenire
947 2346 1055 2417 siris,
1074 2350 1210 2419 pastores
1221 2360 1341 2420 pecua-

189 2462 249 2519 que
279 2448 365 2505 saiva
395 2448 587 2505 servastis
613 2446 771 2519 deisque
800 2446 907 2505 bonam
931 2447 1056 2505 sulutem
1085 2446 1341 2523 valetudinemque

189 2548 268 2609 milti
294 2548 381 2607 domo
402 2546 600 2621 familiaeque
628 2549 770 2607 nostrae!
815 2542 855 2607 In
882 2540 1034 2607 Siliorum
1062 2540 1254 2629 plebeiscito
1285 2566 1339 2632 ap.

189 2646 327 2712 Festum
341 2644 444 2731 pete
459 2649 499 2709 ‘si
512 2650 578 2723 quis
592 2652 786 2723 mupistrntus
800 2650 946 2709 adversus
960 2650 1020 2710 ltuc
1030 2653 1058 2709 d.
1068 2666 1107 2709 m.
1119 2650 1258 2725 pondere
1272 2666 1339 2711 mo-

190 2753 313 2828 diusque
327 2767 460 2825 veruque
471 2751 593 2826 prtblica
608 2752 727 2811 modico
741 2754 859 2811 minortt
874 2752 1050 2825 maioraque
1061 2750 1170 2823 suxit
1184 2756 1340 2814 iussitire

188 2858 260 2927 fieri
272 2854 407 2915 dolnmw
421 2854 566 2920 adduit,
588 2868 646 2928 quo
665 2870 702 2913 eu
719 2857 818 2926 ficret.³
850 2848 957 2915 Plaut.
974 2848 1095 2937 Amph.
1111 2848 1195 2936 prol.
1211 2850 1251 2915 67
1268 2858 1339 2939 sqq'.

191 2949 238 3019 ‘Si
250 2957 323 3034 quot
332 2955 479 3029 favitores
493 2957 643 3030 detrectas
658 2956 809 3016 viderint.
828 3001 834 3013 .
854 2998 860 3011 .
892 2954 969 3014 Nam
988 2957 1016 3015 si
1035 2956 1089 3031 qui
1103 2957 1238 3031 palmum
1258 2972 1339 3016 ern-

191 3059 284 3120 bissi
288 3065 300 3118 t
313 3058 504 3119 histrionibus
518 3090 560 3100 -
576 3057 612 3116 Si
625 3061 786 3132 quoiquam
803 3060 917 3129 artifici
929 3074 981 3117 sen
1000 3074 1057 3132 per
1077 3061 1207 3139 scriptas
1224 3062 1340 3121 litteras

190 3160 249 3245 Seu
263 3163 318 3236 qni
330 3164 393 3237 ipse
408 3162 564 3220 ambisti
569 3167 581 3218 t
594 3176 646 3219 sert
659 3177 716 3235 per
731 3162 946 3220 internuntium
962 3157 1029 3219 Siue
1045 3161 1120 3221 adeo
1135 3162 1248 3222 aediles
1261 3180 1337 3237 per-

188 3264 294 3334 fidiose
314 3266 385 3339 quoi
404 3263 524 3323 duint:
544 3261 696 3337 sirempse
710 3264 803 3336 leuem
824 3265 909 3322 iussit
922 3278 985 3321 esse
1000 3262 1146 3337 Iuppiter,
1166 3263 1257 3335 Onesi
1269 3281 1337 3325 mtt-

82 3438 87 3446 .
188 3368 348 3438 distratum
362 3366 420 3426 sibi
433 3366 556 3425 alterive
570 3364 779 3424 erudiverit!
795 3360 858 3425 His
871 3360 958 3423 enim
971 3356 1051 3425 loeis
1066 3359 1193 3425 formae
1208 3360 1337 3427 vicinae

192 3460 431 3529 dubitationem
445 3486 511 3529 non
526 3461 716 3527 admittunt.
747 3461 874 3526 Eadem
895 3452 947 3525 res
969 3471 1019 3527 est
1035 3462 1069 3525 in
1083 3458 1156 3545 loge
1171 3484 1255 3548 quae
1270 3464 1337 3528 Nu-

192 3584 263 3631 mae
283 3565 404 3632 dieitur
421 3564 508 3652 apud
530 3565 665 3629 Festum
685 3585 717 3650 p.
739 3563 800 3627 221
823 3566 870 3627 ‘St'
889 3569 943 3642 qut
960 3568 1105 3628 bominem
1127 3566 1251 3628 liberum
1271 3568 1338 3629 dolo

191 3674 289 3733 sciens
303 3676 393 3734 marti
406 3673 501 3743 duit,
514 3671 675 3746 paricidds
688 3671 765 3730 esto’
784 3705 821 3714 -
839 3666 957 3751 quibus
979 3670 1014 3730 in
1033 3664 1160 3749 legibus
1182 3688 1248 3733 non
1270 3689 1336 3733 ma·

191 3769 241 3852 gis
256 3780 308 3835 est
322 3792 420 3857 quam
434 3770 471 3833 in
485 3769 556 3834 XII
571 3767 657 3833 ullus
674 3768 874 3833 coniunctivi
888 3790 968 3833 usus
984 3806 1026 3816 --
1042 3778 1075 3832 et
1093 3766 1128 3831 in
1143 3768 1245 3855 Appii
1259 3778 1336 3835 voto

193 3890 243 3957 ap.
254 3872 387 3938 Livium
402 3870 436 3935 X
456 3872 502 3952 19,
523 3872 560 3935 lt
577 3875 731 3942 ‘Bellone¹
749 3877 776 3932 si
795 3875 883 3934 dedic
903 3875 985 3935 nobis
1000 3877 1153 3935 uieiort'em
1169 3876 1192 3935 d
1197 3878 1268 3948 nis,
1290 3885 1338 3935 ast

192 3992 245 4049 epo
259 3981 399 4055 templum
414 3978 466 4037 titi
480 3982 588 4038 reuco)

275 4078 386 4163 Atque
410 4074 486 4140 hino
507 4076 639 4141 demum
658 4074 815 4140 iudicium
840 4084 928 4140 reete
951 4074 1022 4139 fiori
1046 4084 1156 4161 potest
1181 4074 1222 4139 de
1247 4074 1335 4159 frag·

192 4186 299 4244 mento
329 4177 409 4263 legis
433 4177 523 4241 1v2
549 4178 584 4240 in
608 4176 743 4262 Ulpiani
771 4177 826 4261 (fr.
846 4176 881 4240 X
905 4178 936 4258 1)
964 4176 1077 4243 codice
1103 4176 1261 4241 Vaticano
1288 4178 1336 4241 sio

193 4280 313 4365 scripto
329 4286 367 4344 ‘st'
376 4291 467 4359 puter
477 4285 574 4356 tilium
594 4289 639 4342 ter
658 4285 860 4343 venumdant
865 4293 891 4352 t,
910 4285 991 4355 filius
1012 4289 1140 4358 epatre
1159 4282 1234 4343 liber
1252 4286 1335 4343 esto.’

121 4365 128 4377 ¹
194 4376 290 4459 Quod
303 4404 377 4448 oum
392 4404 412 4446 a
426 4380 592 4468 plerisque
607 4386 801 4450 ‘venumdedi’
816 4388 1001 4445 mutaretur
1011 4416 1053 4428 -
1065 4379 1100 4443 id
1112 4380 1335 4467 quodGaieno

193 4476 260 4547 loeo
276 4481 677 4549 113200ufirmuriratus
693 4481 881 4547 Dirksenus
897 4504 929 4569 p.
945 4482 1010 4547 280
1029 4482 1109 4549 mire
1131 4492 1163 4547 et
1183 4484 1231 4547 rei
1251 4482 1334 4548 veri-

193 4583 252 4646 tati
272 4594 304 4649 et
319 4585 384 4651 sibi
399 4586 470 4671 ipse
486 4585 699 4666 adversatur,
721 4585 762 4648 cl.
779 4608 811 4671 p.
826 4584 887 4648 281
904 4607 936 4647 n.
952 4584 1028 4650 347¹³
1044 4621 1096 4667 -,
1113 4606 1217 4671 nuper
1231 4583 1334 4649 Lach-

340 4689 343 4693 4
1083 4688 1131 4751 6*
