3409 5409
805 540 944 589 TABVLA
967 540 1027 588 VII.

434 796 466 845 ει
489 796 644 844 iunceus
788 816 791 820 ·
901 712 932 925 Z·

432 966 536 1032 Gaius
558 964 579 1030 l.
598 966 632 1031 II
655 965 698 1031 ad
713 965 777 1031 Ed.
793 988 887 1052 prou.
909 913 987 1051 Iiig.
1003 965 1034 1047 8,
1058 967 1089 1047 3,
1113 966 1144 1030 8.
1167 964 1264 1030 ‘Vise
1286 964 1425 1032 latitudo
1450 990 1492 1033 ex

346 1066 419 1152 lege
441 1068 512 1133 XII
534 1066 722 1133 tabularum
743 1068 779 1131 in
799 1076 986 1154 porrectum
1008 1075 1081 1133 octo
1103 1066 1203 1153 pedes
1226 1066 1344 1149 habet,
1374 1067 1409 1131 in
1436 1088 1491 1133 on·

347 1169 506 1251 fractum,
529 1168 565 1233 id
586 1178 638 1234 est
659 1168 717 1235 ubi
738 1168 862 1261 flexum
883 1178 951 1251 cet,
975 1169 1140 1235 sedecim?

431 1270 549 1336 Festus
572 1270 657 1335 XVI
678 1270 721 1336 26
742 1294 792 1358 sq.
813 1288 848 1357 p.
864 1272 904 1335 78
919 1271 1069 1336 Momms.
1092 1274 1139 1357 (p.
1155 1270 1216 1335 371
1241 1268 1369 1356 Muell.)
1393 1272 1491 1339 ‘Vise

346 1381 424 1439 sunt
445 1380 479 1437 et
498 1371 649 1457 publicae
670 1383 704 1439 ct
723 1374 888 1459 priuatae:
912 1371 1064 1459 publicae
1086 1395 1144 1459 per
1166 1395 1248 1460 quos
1271 1372 1319 1438 ire
1340 1374 1491 1440 omnibus

347 1472 439 1556 licet,
461 1475 611 1560 priuatae
634 1474 752 1562 quibus
774 1474 937 1540 neminem
951 1474 998 1539 uti
1014 1481 1060 1539 ius
1073 1486 1118 1538 esi
1136 1482 1268 1562 praeter
1283 1496 1397 1542 eorum
1412 1498 1490 1562 quo·

346 1598 419 1639 rum
447 1586 523 1641 sunt
543 1583 668 1640 nomine.
713 1577 758 1642 Et
784 1576 858 1641 hae
881 1574 966 1641 VIII
992 1575 1094 1663 pedes
1122 1578 1156 1641 in
1183 1575 1358 1641 latitudine
1385 1582 1494 1641 habeut

345 1678 416 1744 iure
431 1686 464 1743 et
477 1676 561 1765 lege,
576 1678 728 1765 publicae
743 1688 902 1767 quantum
917 1679 1002 1745 ratio
1017 1676 1168 1744 utilitatis
1184 1678 1356 1765 permittit.
1385 1678 1430 1743 Et
1445 1678 1492 1743 ita

346 1780 532 1867 priuatae
547 1786 616 1846 uiue
630 1780 685 1847 lex
699 1780 790 1847 iubet
801 1781 886 1846 XVI
901 1788 932 1845 in
948 1784 1100 1858 amfracto
1111 1788 1262 1867 flexuque
1278 1780 1378 1867 pedes
1395 1788 1491 1847 csse?

431 1998 519 2047 vuit
546 2000 740 2051 uvutvnuo.
773 2002 811 2049 M
840 2000 910 2050 seu
937 1998 1236 2069 DunAPmAssni'r,
1271 2002 1342 2063 ovs
1374 2002 1492 2051 voum·

346 2100 503 2149 IVIIIIN'I'A
525 2101 644 2151 AGITO.

414 2242 439 2292 5.
457 2242 561 2304 Nonius
579 2259 605 2308 p.
623 2244 674 2295 430
691 2258 731 2310 eq.
753 2243 890 2307 ‘Iurgium
911 2246 939 2293 et
961 2241 996 2293 lis
1020 2242 1093 2293 hunc
1110 2242 1214 2295 hubent
1236 2242 1411 2295 distantiam:
1436 2248 1490 2295 iur-

346 2327 422 2393 gium
444 2327 534 2379 leuior
555 2344 600 2379 ros
619 2332 673 2389 est,
693 2327 828 2395 siquidem
850 2329 924 2379 inter
941 2326 1086 2379 beniuolos
1105 2332 1153 2379 sut
1170 2329 1337 2394 propinquos
1355 2329 1491 2381 dissensio

346 2411 394 2464 uei
413 2413 584 2465 concertatio
600 2414 720 2480 iurgium
737 2414 854 2476 dicitur;
873 2414 945 2463 inter
963 2412 1088 2463 inimicos
1106 2412 1241 2464 dissensio
1264 2410 1299 2463 lis
1322 2414 1490 2479 appelletur.

347 2500 385 2549 Μ.
397 2498 505 2549 Tullius
517 2498 551 2549 de
564 2497 709 2565 republica
721 2498 739 2549 l.
753 2498 811 2549 1111
829 2496 966 2547 ‘Admiror
984 2512 1036 2548 nec
1054 2512 1144 2549 rorum
1162 2496 1259 2561 solnm,
1278 2496 1327 2549 sed
1343 2499 1491 2549 uerborum

348 2583 433 2633 etiem
446 2574 628 2649 elegantium:
641 2589 650 2615 ‘
657 2584 685 2634 si
697 2584 851 2649 iurgant’
866 2582 970 2646 inquit:
983 2581 1178 2633 beneuolornm
1191 2582 1375 2642 concertatio,
1389 2598 1443 2632 non
1456 2583 1491 2634 lis

346 2668 517 2731 inimicorum
535 2669 654 2733 iurgium
666 2667 774 2719 dicitur.
799 2668 836 2718 Et
847 2667 876 2717 in
889 2667 1029 2733 sequenti:
1048 2666 1157 2731 iurgare
1170 2666 1255 2731 igitur
1266 2666 1312 2717 lex
1323 2670 1405 2732 putat
1416 2669 1491 2719 inter

347 2768 378 2803 se
390 2752 505 2818 uicinos,
518 2768 573 2805 non
585 2753 718 2819 litigare)
731 2752 820 2806 Glose.
831 2751 920 2819 Ampl.
930 2754 978 2803 341
992 2767 1021 2802 n.
1031 2752 1064 2803 76
1077 2750 1228 2815 ‘iungunt
1239 2754 1364 2817 pugnant
1375 2752 1490 2803 tinent!

414 2838 439 2891 6.
457 2838 545 2890 Vsrro
561 2838 596 2889 de
614 2840 647 2892 L.
665 2838 699 2889 L.
718 2838 771 2889 VII
789 2838 821 2888 lo
843 2836 1018 2888 ‘Autronium
1036 2840 1079 2887 est
1096 2834 1194 2886 flexum
1213 2834 1248 2887 sb
1267 2836 1366 2902 origini
1384 2836 1491 2903 duplici

348 2920 464 2982 dictum,
483 2922 518 2973 cb
537 2924 643 2975 ambitu
661 2928 690 2974 et
707 2920 874 2987 frangendo:
894 2922 929 2973 cb
948 2937 981 2972 eo
999 2922 1077 2987 leges
1099 2920 1197 2971 iubent
1219 2922 1248 2970 in
1266 2919 1372 2971 directo
1389 2922 1489 2986 pedum

346 3007 417 3067 v111
439 3022 516 3073 esse,
538 3010 567 3058 in
590 3008 718 3059 anfracto
740 3006 821 3071 XVI,
839 3005 869 3056 id
892 3008 934 3055 est
951 3006 980 3055 in
998 3006 1088 3056 flexu!
1123 3005 1196 3067 Festi
1212 3008 1291 3057 locum
1307 3008 1394 3071 pasto
1411 3009 1491 3059 aliter

348 3091 516 3144 Mommseruis
532 3095 659 3159 suppleuit
674 3110 702 3158 ρ.
716 3096 764 3143 85:
783 3092 865 3142 ‘Vise
884 3092 994 3141 suntet
1011 3090 1154 3157 publices,
1173 3105 1222 3156 por
1240 3104 1308 3156 quus
1325 3090 1367 3141 ire
1379 3092 1488 3157 (egere)

348 3176 474 3227 omnibus
492 3176 570 3241 licet,
591 3180 620 3227 et
637 3178 779 3243 priuatae,
799 3175 897 3241 quibus
915 3176 1052 3226 neminem
1065 3176 1106 3225 uti
1118 3170 1173 3238 (ins
1186 3174 1240 3237 est)
1251 3179 1362 3240 praeter
1375 3191 1488 3240 qnorum

347 3265 423 3315 sunt.
448 3265 476 3311 et
487 3262 528 3313 ito
539 3264 668 3327 priuatae
681 3262 748 3313 VIII
759 3263 843 3329 pedes
856 3264 886 3311 in
897 3260 1045 3311 latitudine
1059 3258 1185 3325 (hebent)
1196 3261 1255 3311 iuro
1268 3264 1296 3311 et
1308 3259 1379 3327 lege,
1398 3261 1489 3326 publi-

348 3362 399 3396 cse
418 3372 450 3383 -
467 3348 609 3413 permiitit.
636 3347 809 3411 (Praetores)
827 3346 874 3398 lex
891 3346 970 3397 iubet
986 3346 1051 3397 XVI
1069 3346 1110 3407 (in
1128 3346 1264 3397 emiteoto
1283 3344 1422 3411 flclxuqne
1440 3362 1487 3411 ne-

348 3430 397 3482 dos
416 3429 513 3497 (istos)
533 3448 595 3485 esse
613 3434 696 3485 uiso)
731 3433 768 3487 ci.
785 3434 852 3499 Dig.
871 3435 896 3495 8,
915 3434 941 3495 3,
961 3433 992 3482 1³
1010 3430 1026 3492 ᾖ
1042 3432 1058 3481 2
1076 3444 1118 3495 sq.
1136 3431 1161 3494 8,
1180 3432 1204 3493 o,
1224 3432 1240 3481 6
1259 3432 1329 3483 extr.

416 3518 439 3571 7.
458 3518 562 3570 Festus
581 3518 600 3570 l.
618 3518 637 3567 l.
657 3519 725 3569 Viss
743 3516 883 3583 (e)nt(em)
904 3514 1014 3583 quilbus
1032 3515 1126 3566 uerbis
1143 3516 1244 3567 muniti
1261 3516 1339 3567 iubet
1350 3514 1384 3566 ds
1397 3514 1489 3581 publi·

433 3658 463 3714 7.
485 3660 545 3715 uiis
565 3659 637 3714 iibri.
659 3659 713 3715 sed
724 3658 765 3730 es.
787 3656 844 3714 Cic.
865 3656 884 3713 1.
899 3658 918 3713 i.
939 3656 1100 3729 Amsegetes
1121 3657 1194 3711 ulem
1214 3654 1350 3713 Pithoeus
1370 3657 1408 3713 ot.
1429 3672 1487 3715 sec.

347 3742 432 3799 Puui.
447 3756 513 3798 esc.
530 3756 569 3798 ex
583 3742 661 3799 Fosi.
671 3761 706 3815 p.
723 3746 759 3798 21
773 3740 813 3799 M.
837 3741 1009 3815 ‘Amscgetes
1027 3740 1168 3803 dicuntur,
1190 3756 1306 3815 quorum
1328 3756 1394 3815 eger
1415 3742 1488 3799 uiam

347 3823 458 3901 tangit'
490 3827 550 3881 Am·
563 3835 672 3901 segetes
697 3828 757 3883 iiius
777 3826 843 3883 Ion.
871 3844 890 3881 e
912 3824 996 3883 Costa
1021 3828 1052 3883 in
1074 3824 1256 3883 Meermeuni
1277 3826 1359 3883 Tites.
1386 3826 1406 3883 1
1430 3830 1487 3883 705

347 3910 494 3985 Berytius
513 3911 776 3969 minaticum.
797 3913 854 3967 iur.
870 3910 935 3967 tier.
950 3908 1032 3968 XIV
1044 3914 1112 3967 144.
1208 3913 1366 3969 muniunto:
1387 3914 1413 3968 ni
1428 3928 1486 3967 sein

346 3996 542 4071 delapidssslnt
562 3995 754 4053 Mommsenus
773 4013 803 4068 p.
824 4000 881 4053 85.-
901 3996 1028 4052 muniunt
1048 3996 1171 4052 onisendi
1192 3996 1296 4071 lepidos
1323 3994 1386 4052 Vni.
1407 3996 1485 4054 leid.

347 4083 491 4139 muniunto
513 4080 644 4138 omsnmdi
665 4080 769 4156 tepidas
785 4124 792 4137 .
808 4122 814 4134 .
833 4124 862 4137 ..
884 4088 949 4137 sunt
971 4079 1151 4137 Victorianus
1167 4082 1327 4150 (Politieni)
1343 4083 1486 4139 muniunto

347 4168 480 4225 dionisam
495 4164 599 4241 lapides
613 4174 677 4222 sunt
696 4166 876 4231 Ursinianus,
894 4166 970 4221 unde
986 4164 1130 4239 Berytius
1145 4165 1321 4222 muriunted:
1339 4183 1372 4222 eo
1388 4168 1415 4223 ni
1428 4168 1487 4222 suni

347 4252 451 4326 lapides
472 4260 546 4310 sunt
575 4268 611 4309 m.
629 4251 755 4308 donicum
776 4250 881 4326 lapides
903 4256 984 4307 esunt
1004 4248 1157 4308 Dooierius
1181 4268 1220 4307 rn.
1238 4250 1366 4307 donicum
1384 4250 1487 4325 lepidos

347 4346 459 4402 oscum:
481 4338 509 4393 ni
529 4337 676 4393 munierint
697 4336 729 4394 0.
745 4335 903 4393 Muellerus
923 4336 962 4391 cui
981 4334 1058 4392 Fert.
1077 4352 1109 4407 p.
1127 4339 1171 4392 21.
1189 4338 1255 4393 370.
1272 4334 1423 4393 Husotkio
1445 4338 1488 4405 (in

347 4422 446 4480 Muelt.
458 4420 559 4495 Suppi.
575 4421 648 4477 Amr.
659 4426 765 4495 nm
779 4420 923 4477 eiAnuel.
938 4422 1106 4477 scientior.
1122 4421 1185 4477 hisi.
1201 4418 1269 4478 XII
1280 4422 1347 4487 393)
1363 4422 1488 4492 placuit.-

348 4509 376 4563 ni
391 4509 450 4564 uias
465 4505 502 4578 (o.
518 4505 600 4579 uiam)
616 4509 742 4564 muniunt
762 4508 809 4581 qui
831 4508 885 4563 uiis
906 4513 1059 4579 nmsegetes
1080 4511 1153 4563 suut.
1246 4506 1367 4561 iumenta
1393 4505 1489 4561 Ursini

347 4591 562 4649 cod..·iu1neuto
585 4590 648 4649 Vct.
663 4592 742 4650 leiti.
754 4592 838 4664 prot.
855 4590 985 4647 Momms.¹
1006 4598 1119 4647 cornuto
1143 4588 1247 4647 Victor.
1312 4599 1393 4663 egeto
1417 4588 1487 4647 Vici.
