3409 5409
585 472 586 475 '
672 502 809 548 rssvna
832 503 865 549 v.
889 503 935 549 vr.
1314 492 1374 555 133

227 654 432 722 tabularum:
466 676 607 741 namque
634 653 852 720 coheredibus
880 654 1065 723 uolentibus
1099 681 1119 723 a
1146 660 1373 725 communione

228 756 397 823 discedere
420 756 642 823 necessarium
665 756 842 822 uidebatur
868 756 1010 843 aliquem
1033 759 1196 827 actionem
1218 762 1373 845 constitui

228 859 399 945 quainter
420 880 476 924 eos
498 881 551 923 res
573 856 792 924 hereditariae
814 858 1115 927 distribuerentur.'

663 1146 851 1212 TABVLA
872 1146 932 1213 VI.

758 1334 787 1397 1.
809 1332 840 1398 2.

311 1488 382 1537 cru
404 1488 526 1536 nexum
548 1486 675 1536 sacrus
696 1486 981 1554 unucrrrvnovs,
1004 1489 1063 1537 vm
1086 1488 1219 1537 muavl
1240 1490 1369 1539 nvncv-

225 1590 363 1656 cassm,
387 1590 445 1637 ms
467 1591 523 1639 ivs
545 1590 644 1640 sero.

309 1692 425 1758 Cicero
448 1692 490 1759 do
512 1692 566 1759 off.
586 1691 642 1757 ΙΠ
665 1691 719 1772 16,
741 1690 793 1757 65.
822 1690 925 1757 ‘Nam
947 1714 1021 1757 cum
1049 1716 1092 1759 ex
1120 1693 1293 1762 duodecim
1321 1708 1368 1763 ta

225 1794 312 1863 bulis
334 1795 415 1863 satis
437 1805 526 1861 esset
547 1816 586 1860 ea
606 1794 771 1880 praestari
792 1814 875 1879 qnae
897 1805 1007 1863 essent
1033 1794 1146 1881 lingua
1170 1809 1370 1885 nuncupata,

225 1918 327 1985 quae
361 1898 428 1984 qui
462 1896 670 1987 infitiatus
699 1907 823 1978 esset,
857 1894 972 1982 dupli
1000 1920 1167 1985 poenam
1195 1900 1369 1983 subiret,

225 2021 247 2065 a
267 1998 508 2065 iurisconsultis
531 1998 631 2065 etiam
652 1993 843 2065 reticentiae
865 2020 973 2084 poena
995 2009 1046 2065 est
1067 2000 1269 2067 constituta?

143 2342 152 2350 ,
225 2292 342 2344 dictum:
371 2290 444 2343 unde
467 2294 496 2341 et
522 2289 701 2341 erciscundae
723 2292 751 2339 et
773 2289 884 2339 ercisci.
919 2288 1004 2339 citum
1025 2294 1117 2341 autem
1138 2296 1181 2342 est
1200 2295 1331 2343 uocatum
1352 2308 1370 2343 a
1467 2337 1471 2346 .

217 2376 345 2432 'ciendo‘
382 2376 490 2427 Gellius
507 2376 543 2426 N.
555 2375 613 2425 s.1
629 2376 655 2435 a,
672 2376 703 2423 12
724 2377 878 2438 ‘tamqnam
899 2372 966 2424 illud
984 2374 1039 2423 fuit
1052 2375 1175 2425 anticum
1192 2378 1368 2437 consortium,

225 2462 297 2529 quod
313 2465 373 2512 iure
391 2465 475 2525 atque
494 2460 580 2511 uerbo
598 2474 710 2509 romano
729 2458 925 2524 appellabatur
944 2462 1035 2509 ‘croto
1053 2474 1108 2511 non
1126 2462 1203 2513 cito?
1241 2462 1369 2511 Donatus

225 2546 409 2613 aphamiam
428 2544 464 2595 ad
481 2548 548 2595 Aen.
565 2544 633 2594 VIII
649 2545 700 2593 642
718 2544 809 2595 ‘citae
827 2542 935 2594 dinisae
954 2548 985 2593 nt
1003 2548 1046 2594 est
1064 2546 1092 2594 in
1112 2545 1185 2595 iure:
1204 2549 1296 2595 ‘creto
1314 2560 1369 2596 non

225 2634 302 2686 cito.’
346 2631 416 2693 Quae
442 2638 525 2680 minen
549 2630 645 2679 rectius
665 2630 701 2679 ad
723 2631 787 2693 lepis
807 2629 931 2679 actionem
954 2629 1113 2692 referuntur.
1145 2630 1179 2693 cs.
1202 2630 1253 2681 Gir.
1275 2632 1308 2681 de
1328 2647 1368 2681 or.

223 2717 241 2767 1
261 2720 306 2776 5⁶,
326 2719 389 2768 ²37.
429 2714 532 2766 θιιιπίηο
553 2714 666 2778 [milae
691 2714 859 2764 srdacundae
881 2716 908 2763 in
932 2712 993 2763 XII
1015 2715 1114 2765 dtrerts
1136 2716 1227 2765 mentio
1251 2716 1368 2767 enudare
1435 2710 1440 2715 ’

223 2818 274 2854 noa
290 2802 400 2854 eldeum

292 2922 315 2973 1.
338 2920 440 2969 Festus
457 2935 483 2984 p.
502 2918 551 2969 173
569 2918 606 2967 Μ.
630 2917 815 2982 ‘Nuncupats
831 2916 952 2981 pecunia
976 2920 1032 2980 est,
1054 2920 1086 2967 ut
1108 2918 1148 2969 ait
1166 2915 1280 2969 Cincius
1302 2919 1332 2969 in
1348 2918 1367 2972 l.

222 3005 250 3057 Il
268 3003 302 3054 de
321 3002 413 3055 cilicio
430 3002 635 3065 iurisconsulti,
653 3003 812 3064 nominata,
832 3006 922 3064 certa,
941 3001 1097 3052 nominibus
1115 3003 1232 3069 propriis
1249 3018 1368 3069 pronun-

223 3090 308 3140 tiata:
332 3092 419 3139 ‘cum
438 3131 444 3143 .
464 3126 470 3139 .
490 3124 522 3139 ..
545 3086 574 3136 id
593 3092 650 3149 ost,
673 3088 716 3137 uti
736 3086 886 3137 nominarit
908 3086 1051 3138 locutusne
1071 3088 1139 3153 erit,
1161 3088 1201 3139 its
1225 3089 1267 3139 ius
1286 3094 1368 3140 esto.’

226 3174 285 3227 Cic.
304 3173 338 3225 de
358 3190 396 3225 or.
415 3174 429 3223 Ι
447 3174 489 3237 67,
507 3174 557 3223 245
576 3171 700 3237 ‘lapides
718 3171 875 3223 mehercule
893 3186 987 3222 omnes
1004 3172 1069 3223 flere
1088 3188 1121 3223 ac
1139 3172 1288 3224 lamentari
1306 3189 1368 3225 coe·

222 3260 327 3325 gisam,
347 3263 378 3308 ut
397 3263 484 3309 totum
504 3256 574 3306 illud
596 3257 663 3305 ‘uti
688 3256 804 3321 lingua
827 3258 1070 3322 nuncupassit’
1094 3273 1150 3308 non
1171 3259 1200 3307 in
1223 3256 1368 3309 duodecIm

224 3344 342 3404 tabulis,
367 3359 435 3409 quas
459 3346 490 3391 tu
512 3341 638 3391 omnibns
661 3339 840 3391 bibliothecis
863 3340 1019 3406 anteponis,
1045 3342 1094 3393 sed
1116 3343 1146 3391 in
1163 3344 1289 3409 magIstri
1307 3360 1367 3395 car-

221 3430 293 3479 mine
314 3430 445 3493 scriptum
464 3425 625 3476 uideretur.’
662 3425 699 3475 cf.
717 3424 805 3474 Varro
823 3423 858 3475 de
874 3426 906 3477 L.
923 3426 955 3477 L.
976 3424 1014 3475 VI
1031 3426 1064 3477 60
1082 3424 1263 3492 ‘Nuncupare
1281 3429 1367 3478 nomi·

222 3528 290 3563 nare
312 3511 410 3563 ualere
434 3516 552 3576 apparet
580 3510 608 3558 in
630 3508 753 3573 legibus.
782 3508 830 3558 ubi
852 3514 1031 3574 nuncupatae
1054 3512 1191 3574 pecuniae
1214 3516 1279 3561 sunt
1301 3512 1367 3561 scri-

221 3601 308 3662 ptse'
346 3596 408 3668 Gai.
425 3596 492 3647 Inst.
511 3594 540 3643 11
558 3596 615 3644 scr.
632 3592 673 3643 Id.
691 3592 712 3642 l.
730 3592 773 3643 111
791 3591 826 3642 sd
843 3592 863 3645 l.
881 3593 935 3644 XII
952 3594 1117 3647 tabularum.
1135 3594 1199 3661 Dig.
1217 3598 1248 3661 2,
1268 3598 1314 3659 14,
1333 3598 1367 3649 le

179 3696 185 3708 ’
222 3682 271 3732 ‘In
303 3679 498 3731 traditionibus
532 3693 621 3729 rernm
654 3676 834 3743 quodcunque
868 3676 980 3743 pactum
1012 3680 1062 3743 sit,
1095 3679 1123 3729 id
1153 3678 1248 3731 ualere
1279 3682 1367 3731 mani·

220 3766 401 3818 festissimum
431 3768 500 3814 est’
531 3762 577 3827 (de
607 3780 655 3829 qno
681 3764 731 3813 vid.
758 3762 933 3825 Gotbofredns
953 3768 980 3813 in
1004 3764 1065 3815 Nol.
1095 3764 1180 3827 brec.)
1230 3766 1366 3817 Boethius

221 3851 256 3901 ad
275 3850 334 3903 Cic.
352 3850 420 3914 Top.
441 3848 483 3898 llI
502 3864 527 3914 p.
547 3851 596 3899 322
618 3848 664 3898 Or.
687 3847 796 3898 ‘Naxus
820 3862 886 3898 nero
912 3854 953 3899 est
978 3848 1112 3913 quaedam
1135 3850 1201 3900 iuris
1226 3850 1365 3902 sollemni-

220 3941 265 3987 tas
285 3973 291 3984 .
312 3974 319 3984 .
338 3974 372 3989 ..
410 3934 598 3997 Quaecunque
622 3934 708 3998 igitur
728 3947 773 3983 res
796 3931 859 3997 lege
883 3931 937 3983 XII
959 3932 1117 3984 tabularum
1137 3934 1219 3985 aliter
1239 3937 1295 3986 nisi
1317 3952 1367 4002 per

220 4020 294 4071 hanc
326 4018 542 4071 sollemnitatem
573 4017 731 4068 abalienari
764 4032 818 4066 non
849 4021 985 4083 poterat’
1035 4018 1146 4085 Fragm.
1172 4019 1265 4070 Vatic.
1292 4022 1307 4081 θ
1332 4022 1366 4071 50

220 4105 303 4170 ‘quia
325 4108 354 4154 et
376 4102 608 4168 mancipationem
627 4107 655 4152 et
671 4102 701 4152 in
718 4102 777 4152 iure
797 4102 952 4153 cessionem
975 4103 1020 4153 lex
1037 4102 1092 4155 XII
1117 4102 1275 4156 tabularum
1300 4119 1362 4154 con-

220 4190 335 4239 firmat’

307 4449 333 4503 1.
351 4446 529 4521 nuncupassit
546 4444 709 4502 Manutius:
725 4452 912 4518 nuncupasset
923 4444 1003 4501 Festi
1015 4446 1077 4501 cod.
1094 4451 1121 4503 ct
1135 4446 1279 4505 Ciceronis
1290 4448 1363 4506 Iibrt

220 4540 300 4589 costo
316 4532 394 4587 Festi
407 4532 469 4587 cort.
