3409 5409
430 550 477 599 nu
499 549 921 599 nvonucrutraevuaavu
943 549 1117 599 usuourr.
1327 534 1349 598 9

192 727 274 791 gem
296 706 404 793 ipsam
423 705 507 771 bene
528 714 656 787 nosset,
678 713 832 792 capturus
854 703 944 770 baud
966 705 1079 771 fuerit.
1088 706 1112 793 ¹)
1142 704 1272 770 Pariter
1291 706 1348 793 qui
1384 694 1389 701 ’

191 808 395 874 rhetoricam
416 806 459 873 ad
480 806 685 873 Herennium
711 808 844 895 scripsit
870 830 913 873 ex
936 806 1010 894 lege
1034 806 1178 894 plurima
1195 807 1348 895 exempla

191 908 318 977 bausit.
348 909 472 975 Verum
488 911 577 976 eirca
594 909 720 977 liberae
740 908 942 997 reipublicae
962 910 1089 976 exitum
1109 930 1185 975 cum
1203 910 1347 997 partium

193 1012 308 1079 studio
324 1021 357 1077 et
370 1014 470 1079 armis
487 1011 610 1079 civium
624 1034 722 1079 verus
737 1013 866 1099 patriae
881 1033 975 1079 amor
993 1011 1064 1079 iere
1078 1014 1245 1078 extinctus
1260 1022 1349 1079 esset

194 1113 361 1203 simulque
376 1114 580 1181 Graecanica
599 1112 762 1201 elegantia
777 1115 882 1180 omnis
904 1114 995 1182 vitae
1015 1136 1085 1181 mos
1106 1114 1280 1202 cultusque
1299 1116 1347 1181 in-

194 1218 367 1298 ficeretur,
382 1216 441 1283 illa
461 1239 592 1306 quoque
605 1217 688 1303 legis
709 1216 798 1305 apud
819 1218 978 1305 populum
997 1219 1156 1283 memoria
1176 1220 1349 1284 consenuit

121 1360 123 1363 -
194 1330 232 1386 et
247 1318 406 1407 paulatim
420 1320 570 1385 evanuit:
587 1320 700 1407 itaque
715 1320 829 1386 Cicero
844 1320 990 1387 inlibris
1006 1318 1048 1385 de
1063 1319 1193 1406 legibus
1207 1358 1251 1369 -
1265 1342 1347 1407 quos

194 1442 286 1487 nune
300 1422 382 1487 satis
397 1430 528 1487 constat
542 1444 629 1488 anno
641 1419 780 1488 locon
795 1444 821 1486 s.
834 1418 993 1489 1000111
1007 1424 1209 1509 conscriptos
1223 1444 1296 1488 esse
1306 1459 1348 1472 —
1388 1420 1391 1427 ’

196 1522 271 1589 XII
286 1523 354 1589 iam
366 1542 389 1587 ‘a
404 1522 532 1615 nemine
548 1522 632 1587 disci
647 1524 795 1611 queritur
806 1522 842 1587 Π
852 1523 906 1607 23,
918 1522 1010 1608 59²);
1026 1545 1088 1589 nec
1099 1523 1166 1589 alia
1176 1546 1219 1590 ex
1228 1544 1348 1591 caussa

144 1652 145 1657 ¹
193 1624 287 1692 idem
301 1624 418 1693 eodem
432 1624 503 1691 loeo
518 1624 682 1712 putandus
698 1635 748 1691 est
762 1635 831 1691 tam
841 1625 973 1712 copiose
984 1626 1025 1691 de
1039 1626 1246 1710 funeralibus
1261 1621 1347 1713 legis

197 1727 359 1795 institutis
376 1726 548 1823 disserere.
563 1738 566 1743 '

282 1829 354 1896 Iam
375 1852 453 1898 vero
474 1854 559 1919 quae
579 1840 646 1896 tam
661 1830 846 1917 perniciosa
864 1831 978 1897 extitit
998 1830 1065 1917 legi
1080 1830 1229 1897 Graecae
1250 1828 1347 1897 disei-

195 1933 309 2021 plinae
324 1932 518 2015 auctoritas,
541 1932 656 1999 eadem
678 1932 782 1999 altera
801 1954 844 1997 ex
861 1943 957 2019 parte
976 1954 1136 1999 summam
1155 1933 1187 1998 ei
1207 1930 1348 1999 salutem

195 2035 320 2102 attulit.
349 2035 500 2122 Namque
526 2057 591 2124 quo
613 2036 717 2121 magis
739 2056 782 2101 ex
802 2058 865 2101 usu
884 2034 1009 2102 forensi
1030 2058 1068 2102 ac
1088 2034 1241 2124 populari
1266 2044 1347 2101 tam·

195 2158 296 2225 quam
317 2138 460 2205 emeritis
483 2138 658 2226 stipendiis
680 2147 894 2205 exauctorata
916 2138 1071 2220 cedebat,
1092 2160 1130 2204 eo
1152 2137 1304 2227 cupidius
1328 2160 1350 2203 a

196 2242 474 2325 grammaticis
502 2239 650 2305 studiis
679 2231 818 2306 viridum
838 2240 950 2307 sedem
970 2242 1078 2308 nautis
1099 2250 1259 2328 occupata
1285 2250 1347 2307 est.

196 2342 268 2407 Nec
282 2340 392 2407 berele
407 2342 581 2429 quisquam
596 2342 776 2424 dubitabit,
800 2344 881 2430 quin
901 2343 1135 2429 grammaticos
1148 2342 1298 2410 homines
1313 2354 1348 2410 et

198 2443 380 2526 litteratos,
396 2444 453 2531 qui
473 2445 535 2510 toti
557 2452 667 2509 essent
687 2444 721 2507 in
742 2443 877 2529 linguae
899 2456 933 2521 et
950 2444 1110 2511 historiae
1128 2445 1349 2511 monumentis

200 2546 416 2633 congerendis
437 2544 682 2633 perscrutandis
705 2544 928 2632 explicandis,
953 2547 1118 2632 insignem
1142 2546 1210 2633 legi
1225 2546 1297 2613 XII
1310 2556 1349 2613 ut

200 2648 429 2736 antiquissimo
445 2647 667 2714 Romanorum
681 2646 765 2715 libro
781 2668 916 2735 operam
930 2670 1053 2715 navare
1067 2669 1129 2735 par
1142 2648 1252 2715 fuerit.
1277 2648 1349 2716 Iam

200 2744 257 2837 <ini
276 2750 428 2837 princeps
449 2750 737 2837 grammaticorum
752 2750 787 2815 iu
802 2749 910 2817 fronte
925 2750 1034 2837 operis
1049 2749 1241 2818 Suetoniani
1255 2752 1348 2839 poni·

200 2864 270 2935 tur,
297 2854 390 2919 ouius
415 2852 525 2939 ipsum
549 2872 668 2917 nomen
689 2851 765 2917 huic
787 2854 847 2919 toti
868 2851 1054 2919 studiorum
1074 2852 1189 2939 generi
1208 2854 1348 2920 affixum

199 2954 284 3041 estl)
292 3003 302 3038 ,
329 2954 369 3020 L.
384 2952 501 3019 Aelius
522 2954 607 3022 Stilo
622 2953 843 3019 Praeconinus
860 2964 898 3019 ut
912 2956 1095 3019 carminum
1110 2954 1286 3021 Saliarium
1301 2957 1350 3022 ita

202 3054 272 3122 XII
286 3055 475 3123 tabularum
495 3054 760 3143 explanationem
781 3058 985 3145 conscripsit.
1025 3057 1132 3139 Quem
1152 3067 1283 3124 secutus
1298 3068 1350 3124 est

267 3330 290 3399 ¹)
315 3333 352 3387 ci.
380 3332 456 3385 locos
479 3332 514 3383 ad
537 3334 696 3399 fragmenta
720 3334 823 3385 citatos
844 3332 942 3383 Plauti
963 3332 992 3384 11
1013 3334 1029 3385 2
1056 3332 1169 3385 Terenti
1190 3333 1233 3385 III
1255 3336 1272 3385 3
1294 3334 1349 3386 En·

199 3418 237 3469 nii
260 3418 327 3470 VIII
346 3420 377 3468 11
396 3432 437 3483 sq.
455 3416 560 3469 Lucilii
577 3418 590 3467 Ι
609 3420 632 3477 1,
650 3420 667 3469 2
684 3417 794 3468 Afranii
812 3416 825 3467 1
844 3418 859 3467 7
876 3416 1009 3469 Varronis
1025 3416 1040 3468 1
1057 3420 1082 3469 3.
1113 3418 1220 3480 Quibus
1238 3418 1350 3469 aceedit

202 3502 319 3554 Catonis
338 3518 371 3554 ex
389 3500 462 3553 llbra
478 3502 517 3552 1v
535 3502 678 3568 Originum
697 3518 714 3553 a
726 3502 873 3553 Prisciano
890 3502 904 3552 I
921 3518 948 3569 p.
959 3502 1057 3553 astu.
1076 3502 1216 3567 allegatus
1233 3504 1274 3553 ‘ri
1291 3505 1348 3569 quir

201 3588 331 3639 membrum
353 3588 425 3652 rupit
447 3594 492 3637 aret
513 3602 543 3638 os
563 3588 656 3653 fregit,
681 3589 775 3638 tatione
795 3588 931 3653 proxim
952 3592 1076 3653 cognatas
1096 3589 1254 3639 aeaeae.-
1276 3587 1349 3654 quod

200 3674 251 3725 etsi
269 3688 359 3739 neque
378 3672 413 3723 ad
431 3672 486 3725 XII
504 3686 595 3739 nsque
614 3671 650 3723 ad
668 3674 712 3723 ius
731 3672 785 3724 x11
803 3672 946 3737 antIquias
964 3686 1025 3722 cnm
1037 3672 1206 3724 Mommseno
1224 3672 1347 3725 referen-

200 3758 262 3811 dum
281 3774 343 3811 esse
361 3758 409 3811 ssd
428 3757 464 3811 ad
482 3757 614 3810 tattonem
632 3758 735 3810 Poenis
753 3758 888 3809 usitatam
904 3746 1091 3810 revocandum
1110 3774 1172 3811 eum
1188 3759 1351 3826 Wagenem,

200 3850 227 3897 et
241 3843 463 3919 Iordauo'docet
480 3850 509 3896 et
526 3844 670 3911 iuscriptIo
689 3842 709 3894 l.
722 3845 763 3897 1v
781 3848 810 3895 et
827 3860 961 3910 praesens
979 3838 1140 3897 ‘ulciscitur’
1159 3846 1267 3911 etipsa
1284 3861 1349 3911 poe·

202 3946 297 3981 narum
319 3929 482 3995 diversitas,
507 3934 601 3982 tamen
624 3929 660 3981 ad
687 3930 803 3983 formam
831 3928 904 3998 legis
925 3932 1023 3997 aperte
1047 3930 1283 3983 accommodatum
1306 3936 1350 3983 est

201 4014 278 4081 (vul
295 4019 321 4077 2,
340 4016 378 4081 8).

264 4098 287 4168 ¹)
305 4099 410 4153 Eadem
429 4106 472 4154 sat
485 4100 629 4154 Ciceronis
647 4102 682 4154 de
699 4102 758 4155 iura
776 4099 919 4169 pontitieio
938 4101 1047 4168 questIo
1064 4100 1099 4154 de
1116 4118 1155 4156 or.
1175 4100 1217 4155 111
1235 4104 1279 4168 88,
1298 4104 1348 4155 136

201 4190 270 4238 ‘nam
286 4188 442 4251 poadfict'roa
460 4190 528 4255 qaod
545 4195 585 4240 est
600 4191 757 4240 coniunctura
774 4190 849 4240 neruo
863 4189 959 4243 discit!

265 4269 286 4335 ⁸)
306 4270 406 4323 Cicero
429 4272 463 4324 ds
488 4288 527 4327 or.
550 4273 565 4325 1
587 4276 634 4333 43,
656 4276 713 4325 193.
742 4274 807 4324 Nam
828 4275 882 4325 stre
904 4288 976 4340 quem
997 4272 1062 4323 daec
1079 4273 1219 4323 Aeliana
1239 4273 1350 4324 stadia

200 4359 337 4416 delectant,
354 4358 466 4423 phorima
489 4364 527 4409 est
544 4360 571 4408 ia
588 4360 656 4409 amai
676 4361 732 4410 tura
750 4360 818 4410 daila·
838 4366 868 4410 at
889 4362 916 4410 ia
932 4360 1078 4423 pontificum
1096 4356 1169 4408 libna
1191 4364 1219 4407 et
1242 4360 1269 4408 ia
1287 4358 1348 4409 xr1

201 4441 288 4493 abactis
305 4443 466 4509 antiquitate
484 4442 594 4507 efligies,
617 4444 687 4509 quod
702 4451 728 4495 et
749 4444 883 4495 verbam
903 4446 993 4508 prisca
1009 4448 1124 4494 vetustae
1140 4445 1304 4509 eopameitar
1323 4452 1349 4495 et

200 4528 321 4578 aetiam
341 4542 440 4592 gama
461 4530 586 4596 quaedam
607 4530 728 4580 maiorum
749 4530 954 4581 cousuetudinem
975 4530 1100 4597 vitamque
1126 4529 1269 4581 dederant.
1307 4529 1347 4583 cf.

201 4612 282 4665 dead.
302 4616 373 4681 post.
391 4614 406 4666 1
424 4616 449 4675 2,
468 4614 493 4665 8.
