3409 5409
356 499 377 564 6
787 509 901 559 curvr
921 508 1069 557 rumvu.

357 671 506 749 mutatio,
521 690 585 755 qua
597 666 730 753 quidem
742 665 943 752 insequentis
959 663 1077 727 aetatis
1093 662 1249 750 loquendi
1264 671 1297 728 et
1311 662 1524 728 enuntiandi

357 796 435 838 usus
452 770 593 836 stabiliri
615 768 749 853 coep'tus
770 776 837 849 est,
861 787 901 831 ea
914 765 1112 831 vetustiores
1131 762 1214 850 legis
1235 765 1359 831 formas
1381 765 1429 831 ita
1448 790 1521 855 op-

358 874 491 961 pressit,
507 882 545 937 ut
560 873 627 936 iam
642 868 767 934 ultimis
787 866 911 933 liberae
931 865 1132 953 reipublicae
1152 868 1353 954 temporibus
1373 878 1521 956 praeter

358 998 464 1065 pauca
479 975 549 1039 sive
565 994 644 1038 casu
659 971 731 1037 sive
750 968 971 1036 inconstantia
985 977 1118 1035 servata
1138 967 1193 1035 vel
1207 969 1389 1055 singularia
1407 992 1518 1058 quae-

359 1078 436 1144 dam
451 1086 484 1141 et
498 1098 582 1163 quae
598 1073 745 1140 converti
767 1073 837 1137 sine
858 1071 1092 1137 sententiarum
1112 1071 1256 1159 periculo
1279 1073 1342 1162 viu⁴
1359 1081 1518 1160 possent,

359 1204 402 1246 ex
417 1182 504 1244 omni
519 1177 695 1243 verborum
710 1175 906 1262 antiquitate
920 1172 991 1239 fere
1004 1173 1131 1239 nullum
1148 1174 1323 1261 vestigium
1338 1185 1517 1262 superstes

360 1291 456 1348 esset.
494 1280 611 1366 Itaque
626 1280 661 1343 in
675 1276 842 1359 frustulis,
864 1298 949 1364 quae
963 1299 1006 1341 ex
1024 1275 1083 1341 illa
1102 1286 1212 1344 aetate
1231 1278 1273 1343 ad
1292 1289 1406 1344 nostra
1425 1286 1517 1342 tem·

360 1406 441 1473 pora
459 1389 696 1471 pervenerunt,
720 1389 910 1446 constanter
928 1380 1071 1465 reperies
1093 1389 1127 1445 et
1147 1401 1164 1444 r
1184 1377 1325 1445 litteram
1344 1380 1379 1445 in
1398 1379 1517 1447 locum

361 1486 483 1553 veteris
499 1508 515 1550 s
532 1484 746 1549 substitutam
760 1490 794 1548 et
808 1480 942 1549 vocales
957 1483 969 1545 i
983 1503 1044 1568 pro
1065 1503 1101 1564 e,
1120 1504 1144 1546 u
1164 1503 1224 1569 pro
1245 1504 1264 1548 o
1285 1483 1428 1570 itemque
1448 1504 1517 1569 pro

361 1588 580 1676 ou‘repositas
597 1596 629 1651 et
643 1585 775 1651 diverso
792 1584 886 1671 signo
900 1592 1032 1649 notatas
1047 1583 1230 1668 gutturales
1246 1606 1264 1649 c
1279 1595 1313 1650 et
1326 1607 1349 1670 g
1360 1585 1516 1671 exceptis

361 1691 476 1756 formis
493 1692 640 1770 ‘pecual’
657 1696 690 1755 et
704 1694 818 1768 ‘pacit’
838 1686 1027 1770 (Terentius
1040 1687 1181 1753 Scaurus
1194 1710 1226 1773 p.
1237 1687 1322 1754 2253
1333 1686 1371 1753 Ρ.
1389 1688 1517 1753 Festus

361 1816 393 1880 p.
410 1792 473 1857 363
488 1790 550 1875 M.)
566 1812 604 1855 ae
618 1789 760 1855 fortasse
776 1795 886 1855 ‘clune’
904 1786 1030 1873 (Gloss.
1047 1786 1220 1876 Cyrilli¹))
1240 1828 1273 1837 -
1292 1812 1391 1877 quam
1405 1811 1516 1856 nova-

362 1895 482 1959 tionem
503 1890 604 1957 etiam
629 1891 664 1955 in
678 1884 876 1978 ,superstites
902 1890 1063 1955 fastorum
1088 1890 1357 1957 decemviralium
1377 1889 1517 1959 tabulas

363 1996 551 2081 ceteroquin
566 2001 698 2058 tenaces
715 1993 908 2079 antiquioris
923 2014 1001 2057 usus
1017 2015 1060 2058 ex
1073 1995 1255 2060 recentiore
1275 1993 1518 2070 consuetudine

363 2096 536 2183 irrepsisse
550 2095 774 2161 Mommsenus
791 2094 948 2160 observat
963 2094 1088 2161 Comm.
1105 2095 1149 2160 ad
1163 2095 1281 2161 Festos
1297 2096 1375 2161 anni
1389 2096 1519 2161 Iuliani

364 2198 401 2265 O.
418 2198 445 2263 I.
463 2198 501 2263 L.
524 2196 541 2261 I
562 2219 593 2283 p.
611 2196 674 2261 362
689 2233 730 2243 —
745 2204 777 2260 et
794 2196 956 2263 abiectam
975 2196 1010 2260 in
1025 2196 1173 2263 ablativo
1190 2206 1224 2262 et
1243 2198 1438 2285 imperativo
1454 2196 1517 2284 d²)

364 2312 398 2367 et
413 2298 661 2367 consonantium
681 2298 936 2383 geminationem
956 2296 1166 2365 observatam
1182 2337 1219 2347 -
1237 2301 1317 2387 quin
1334 2302 1432 2366 etiam
1446 2301 1521 2379 Ac:

364 2405 478 2469 cianae
489 2399 655 2469 vocalium
667 2400 940 2487 geminandorum
955 2400 1125 2469 doctrinae
1137 2402 1280 2486 vestigia
1294 2424 1361 2470 nen
1376 2401 1515 2468 desunt:

363 2514 402 2571 nt
416 2505 486 2571 iere
501 2504 635 2592 propius
652 2504 764 2569 absint
778 2501 1018 2570 aOiceroniani
1032 2504 1192 2571 sermonis
1207 2502 1315 2569 colore
1329 2503 1402 2570 XII
1416 2503 1517 2570 tabu-

365 2607 416 2674 lae
431 2629 529 2694 quam
544 2628 565 2670 a
580 2606 770 2692 Scipionum
785 2604 906 2687 titulis,
922 2604 1044 2670 nedum
1058 2628 1079 2671 a
1092 2607 1273 2671 carminum
1288 2605 1465 2672 Saliarium
1480 2614 1518 2671 et

366 2708 539 2775 Arvalium
559 2705 695 2772 horrida
715 2716 889 2775 vetustate.
924 2706 994 2773 Nee
1014 2705 1162 2796 profecto
1183 2708 1356 2796 quisquam
1379 2706 1513 2773 mirabi-

366 2808 535 2898 tur,.quod
550 2810 585 2873 in
599 2808 661 2893 his,
673 2830 758 2897 quae
772 2808 924 2895 religioni
938 2810 1135 2876 inservirent
1149 2820 1183 2877 et
1197 2820 1286 2878 certo
1302 2797 1514 2877 sacerdotum

367 2912 504 2999 collegio
521 2911 556 2975 in
571 2909 757 2976 custodiam
772 2912 897 2977 tradita
917 2921 1041 2991 essent,
1064 2913 1187 2978 maiore
1211 2912 1277 2977 fide
1299 2911 1407 2978 forma
1428 2911 1514 2976 anti-

367 3038 431 3103 qua
450 3022 647 3080 conservata
667 3020 718 3076 est
732 3012 787 3077 vel
807 3023 893 3097 tum,
917 3035 993 3079 cum
1013 3015 1083 3079 suis
1104 3014 1178 3102 ipsa
1199 3014 1428 3081 sacerdotibus
1447 3036 1514 3079 non

366 3119 432 3181 iam
447 3115 708 3201 intellegeretur,
724 3136 821 3201 quam
836 3116 871 3180 in
885 3114 957 3201 lege
972 3115 1134 3182 communi
1155 3117 1231 3181 usui
1251 3138 1350 3204 qnam
1370 3115 1513 3181 maxime

368 3220 541 3285 destinata.

452 3320 577 3386 Verum
588 3320 754 3385 enimvero
771 3318 823 3387 vel
838 3320 874 3383 in
887 3320 952 3385 ista
966 3320 1111 3388 novandi
1125 3322 1347 3409 perpetuitate
1361 3318 1433 3387 fieri
1448 3342 1513 3386 non

366 3430 513 3509 poterat,
540 3423 620 3510 quin
640 3422 743 3489 verba
761 3421 1022 3510 relinquerentur
1042 3422 1203 3511 quaedam
1224 3422 1290 3490 iam
1310 3424 1438 3511 pridem
1458 3422 1512 3488 ob·
1593 3442 1601 3450 ·

284 3616 289 3631 .
369 3523 473 3592 soleta
487 3534 586 3612 atque
601 3526 794 3609 obscurata,
816 3526 1009 3613 praesertim
1024 3525 1083 3593 ubi
1097 3548 1150 3592 res
1170 3527 1261 3613 ipsae
1282 3526 1422 3613 adquae
1442 3546 1511 3611 per·

437 3798 458 3865 ¹)
477 3801 548 3851 Nam
565 3804 682 3852 ‘censs’
701 3801 730 3851 in
748 3799 891 3852 Ciceronis
913 3801 948 3852 de
971 3801 1025 3867 leg.
1046 3800 1140 3853 codice
1158 3802 1293 3853 Leidensi
1309 3802 1337 3852 Η
1355 3800 1394 3866 (11
1411 3804 1454 3864 23,
1471 3801 1512 3864 59)

370 3885 477 3936 librarii
495 3886 564 3937 vitio
582 3884 758 3935 tribuendum
777 3889 833 3936 eet:
852 3884 887 3937 de
905 3900 959 3951 quo
977 3885 1114 3953 peccandi
1137 3901 1240 3953 genere
1263 3886 1348 3938 latins
1371 3887 1400 3937 in
1421 3886 1465 3936 bis
1481 3884 1511 3935 li·

370 3972 427 4022 bris
447 3970 554 4038 patenti
572 3970 608 4021 cl'.
628 3968 771 4021 Vahlenue
790 3971 818 4020 in
836 3970 937 4024 Annal,
956 3986 1046 4038 gymu.
1065 3972 1203 4023 nustriae.
1223 3974 1289 4024 1860
1306 3987 1334 4037 p.
1351 3975 1376 4023 3.

438 4054 460 4121 ²)
479 4056 570 4111 Unum
589 4054 662 4120 quod
680 4054 739 4105 scio
759 4054 914 4121 exemplum
932 4056 950 4106 d
971 4057 1000 4107 in
1018 4058 1184 4123 imperativo
1206 4057 1295 4109 lutino
1317 4061 1449 4109 servatae
1469 4057 1512 4109 lex

373 4142 453 4208 regia
472 4146 514 4192 est
532 4140 604 4207 apud
617 4140 731 4191 Festum
749 4156 776 4206 p.
792 4142 843 4192 2³0
861 4142 902 4190 ‘a’
917 4157 997 4192 nurus
1014 4176 1063 4194 ...
1079 4158 1157 4194 sacra
1174 4145 1238 4195 άίυὶε
1254 4150 1389 4209 pareatum
1406 4142 1511 4194 estod)

370 4226 441 4277 Num
460 4225 531 4291 quod
549 4227 578 4276 in
596 4225 650 4277 XII
667 4225 824 4277 tabularum
843 4230 993 4293 praecepto
1012 4226 1049 4278 ib.
1068 4244 1094 4293 p.
1108 4226 1159 4279 375
1175 4244 1202 4277 v.
1223 4230 1288 4281 viae
1308 4244 1343 4280 ex
1360 4225 1513 4293 corruptela

372 4311 432 4363 cod.
456 4310 601 4362 Ursiniani
624 4313 694 4363 ‘uina
722 4314 848 4363 maculante
871 4312 996 4363 dionisam
1018 4314 1119 4377 lapidea
1145 4317 1218 4364 saut’
1241 4312 1381 4380 Bergklus
1404 4310 1512 4377 (Annsl.

371 4396 470 4449 scient.
489 4396 541 4447 inr.
560 4398 626 4447 hist.
644 4396 709 4449 XIV
728 4395 787 4462 144)
807 4398 932 4465 reposuit
948 4402 986 4451 ‘a
1008 4400 1178 4450 matema:
1200 4400 1226 4450 to
1248 4401 1276 4449 ai
1295 4401 1355 4451 sard
1376 4402 1393 4450 t.
1411 4400 1444 4450 ι’
1461 4398 1511 4448 ism

371 4482 510 4533 refutatur
527 4488 681 4534 ceterorum
700 4484 823 4535 codicum
846 4484 985 4549 scriptura
1006 4483 1154 4549 patefacta
1170 4486 1297 4537 ‘summat
1318 4484 1453 4537 oairmdi’
1469 4482 1511 4534 vel

372 4566 509 4619 ‘numento
527 4570 657 4621 omsaradi’
676 4570 803 4635 quamvis
820 4570 883 4635 ipss
900 4582 1011 4634 qnoque
1030 4572 1171 4635 corrupta.
