3409 5409
362 448 403 512 72
771 460 885 509 curun
908 459 1086 521 Qvnarvu.

361 616 469 705 possit
484 616 526 682 de
541 615 746 698 vindicibus,
769 615 810 681 de
830 614 950 703 quibus
965 612 1153 679 Dirksenns
1174 613 1303 699 accepit
1321 635 1356 699 p.
1374 613 1447 679 123
1471 611 1552 697 (cf.

361 717 553 785 Rudorffius
568 718 612 783 H.
628 718 650 782 i.
667 741 693 783 r.
710 717 728 782 Ι
743 740 775 805 p.
794 716 880 804 105),
896 715 1033 781 nimiam
1047 713 1102 779 ille
1117 714 1348 782 auctoritatem
1359 715 1549 781 tribuens

362 821 530 887 nominum
546 820 654 887 ordini
670 820 758 909 apud
774 818 921 885 Gellium
936 816 977 883 N.
994 817 1036 883 A.
1053 816 1138 881 XVI
1155 816 1205 900 10,
1222 818 1242 883 8
1259 822 1330 881 ‘sed
1348 824 1433 883 eninr
1453 839 1546 883 cum

358 929 521 1004 proletarii
532 934 561 988 et
575 928 692 989 assidui
704 934 733 987 et
745 932 866 987 sanates
880 934 909 985 ct
923 925 1013 985 vades
1027 942 1053 985 e.
1070 942 1099 999 a.
1113 941 1138 984 s.
1153 926 1367 985 eoanncmnc’:
1387 930 1461 984 aut
1487 920 1544 985 ad

362 1037 520 1092 sextam
541 1024 707 1107 tabulam,
725 1022 1004 1112 quemadmodum
1025 1023 1099 1109 ipse
1119 1021 1314 1087 Huschkius
1338 1020 1459 1089 voluit
1487 1060 1542 1071 --

313 1108 317 1119 ¹
363 1128 404 1195 cf.
420 1126 471 1192 VI
488 1129 505 1192 1
522 1136 601 1192 ‘curn
615 1148 727 1193 nexum
738 1131 838 1205 saciet
856 1130 1109 1205 mancipiumque
1126 1162 1167 1173 -—
1180 1133 1253 1207 aut,
1268 1124 1360 1211 quod
1373 1122 1432 1191 vel
1451 1147 1538 1189 ma·

363 1230 415 1315 gis
431 1228 573 1311 arridet,
590 1228 633 1295 ad
647 1252 727 1296 non
736 1251 795 1294 am
809 1227 934 1317 publici
946 1228 1028 1321 iuris
1043 1224 1191 1293 tabulam
1211 1248 1287 1291 cum
1302 1226 1534 1295 Gothofredo

363 1330 426 1397 erit
440 1328 616 1407 referenda
630 1330 688 1416 (cf.
704 1332 794 1401 Fest.
810 1354 843 1419 p.
858 1330 933 1396 321.
1012 1330 1038 1414 ).

449 1431 516 1501 Sed
531 1432 620 1520 quod
635 1432 723 1517 dixi,
740 1443 773 1499 et
788 1434 824 1498 in
838 1433 889 1499 his
911 1441 944 1497 et
964 1432 1000 1495 in
1014 1429 1195 1513 similibus,
1217 1452 1302 1517 quae
1316 1431 1530 1505 cumjacer-

363 1537 449 1603 tiore
469 1536 552 1617 sint,
574 1557 660 1601 nunc
680 1544 865 1623 praetereo,
886 1532 969 1597 nihil
989 1532 1030 1598 de
1049 1531 1211 1597 Dirkseni
1233 1532 1349 1598 ordine
1368 1534 1526 1599 mutavi:

362 1638 429 1705 nisi
444 1638 532 1725 quod
547 1637 680 1705 conubii
695 1637 863 1703 interdicti
883 1635 1106 1720 fragmentum
1128 1634 1217 1721 quod
1237 1658 1338 1701 unum
1358 1636 1393 1701 in
1408 1636 1525 1703 unde·

364 1740 449 1805 cirna
468 1738 584 1806 tabula
603 1741 715 1827 posuit
727 1740 932 1821 Dirksenus,
953 1738 987 1802 in
1008 1736 1234 1803 duodecimam
1253 1737 1426 1819 transtuli,
1447 1761 1524 1825 quo

364 1831 422 1907 ilia
436 1841 533 1906 fastis
555 1850 626 1907 tota
645 1850 783 1928 pateret.
812 1840 1009 1928 Ubicunque
1029 1849 1139 1905 autern
1159 1862 1371 1907 numerorum
1391 1840 1523 1906 seriem

364 1943 626 2009 Dirksenianam
646 1943 777 2009 deserui
783 1972 793 2025 ,
820 1942 892 2008 eius
919 1964 1090 2009 numerum
1112 1941 1265 2009 cancellis
1291 1952 1443 2029 saeptum
1472 1942 1522 2008 ad

364 2066 473 2111 meum
488 2044 638 2133 apposui.

838 2219 1040 2229 ¹------.-——-—

699 2470 872 2549 ouevr
909 2470 1172 2563 ovnarvu.

365 2695 428 2789 ΒΕ
452 2677 842 2789 xlrrtsvtttvu
866 2694 1106 2845 astrosus
1122 2693 1510 2791 controversis,

450 2912 521 2979 Iam
546 2915 806 2999 fragmentorum
833 2928 994 3003 quatenns
1015 2916 1087 2980 fieri
1107 2916 1213 3003 possit
1233 2915 1509 2982 restituendorum

365 3038 449 3103 opus
465 3036 679 3101 aggressurus
695 3018 827 3082 remita
843 3040 950 3102 agam,
962 3026 1000 3082 ut
1013 3018 1170 3083 universa
1184 3018 1327 3083 omnium
1343 3039 1508 3104 compara·

367 3120 455 3185 tione
469 3118 561 3182 facta
580 3135 665 3203 quae
685 3116 762 3183 inde
782 3118 825 3184 ad
845 3120 1020 3207 pristinam
1040 3118 1123 3205 legis
1144 3120 1370 3187 condicionem
1388 3119 1507 3185 rectius

366 3217 630 3306 cognoscendam
655 3218 840 3287 redundent
866 3222 978 3287 statim
998 3223 1172 3289 subiciam:
1196 3224 1230 3289 id
1250 3221 1337 3311 quod
1364 3222 1392 3287 si
1418 3220 1506 3309 prius

365 3322 491 3389 factum
506 3330 603 3407 esset,
616 3331 649 3388 et
663 3322 782 3389 multos
796 3324 967 3391 hominum
982 3325 1152 3391 doctorum
1164 3324 1358 3390 emendandi
1372 3332 1504 3391 conatus

367 3425 481 3491 statim
495 3425 673 3512 reprimere
688 3434 721 3490 et
736 3423 814 3491 locis
830 3426 886 3513 qui
906 3427 1076 3515 hueusque
1096 3426 1161 3494 visi
1182 3436 1259 3493 sunt
1279 3426 1414 3511 integri,
1435 3424 1505 3492 vitii

365 3536 479 3593 notam
495 3527 693 3613 adspergere
708 3526 862 3594 debebat.

365 3756 446 3804 rw
465 3750 627 3818 scripserit'
654 3749 746 3803 Valsr.
771 3750 847 3803 Max.
870 3757 1033 3819 personatus
1056 3753 1090 3804 de
1114 3768 1209 3820 praan.
1227 3754 1242 3815 ἓ
1261 3756 1277 3805 b
1294 3770 1320 3820 p.
1332 3754 1382 3805 746
1398 3753 1501 3821 Kampf.

368 3836 418 3903 (cf.
442 3834 580 3903 Bergkius
601 3836 671 3887 Mus.
693 3834 795 3890 1·h.1v
819 3838 879 3901 121)
903 3837 981 3889 ‘Olim
1003 3839 1067 3889 enim
1089 3838 1222 3890 arcebatur
1243 3839 1421 3902 frumentius,
1443 3856 1502 3890 mac

366 3920 458 3987 (nont)
478 3921 642 3985 frumentius,
662 3927 687 3972 et
707 3922 808 3985 seretur
826 3923 978 3986 confertur
996 3922 1161 3987 (smectica
1181 3924 1296 3988 ecfertur
1312 3924 1373 3976 eod.
1391 3924 1461 3990 Vct)
1477 3934 1502 3976 ee

278 4006 279 4009 ’
364 4008 459 4073 sorotis
476 4022 526 4058 nou
541 4006 635 4069 sortis’
656 4045 661 4059 .
682 4040 689 4056 .
710 4044 717 4061 .
751 4006 825 4057 Hinc
842 4008 944 4058 Festus
962 4006 1079 4059 liberius
1096 4024 1122 4074 p.
1140 4010 1191 4061 348
1210 4012 1311 4076 ‘itaque
1328 4012 1354 4059 in
1372 4009 1432 4061 XII
1447 4026 1500 4061 caa-

367 4100 417 4145 rum
434 4099 474 4143 est
490 4098 517 4141 ue
534 4091 600 4141 idem
617 4092 681 4141 iuris
698 4100 766 4143 erret
784 4091 921 4144 Sanatibus
943 4081 1012 4159 q'uod
1027 4094 1195 4153 Forctibus,
1219 4096 1248 4145 id
1268 4101 1307 4145 est
1329 4094 1402 4145 bonis
1422 4098 1501 4162 etqui

367 4192 495 4244 amquam
513 4176 665 4241 defecerant
686 4192 710 4225 a.
726 4194 754 4241 p.
775 4176 818 4227 lc’
854 4177 979 4244 Apparet
1000 4179 1088 4245 igitur
1108 4180 1287 4231 vetustiorem
1310 4179 1425 4230 sormam
1445 4194 1498 4232 csse

365 4265 466 4328 foretur
484 4278 505 4313 s.
521 4260 609 4326 sortus
627 4259 751 4327 (deretur)
775 4261 957 4325 recentiorem
976 4265 1072 4328 seretis
1094 4268 1123 4313 et
1142 4264 1230 4327 sortis.
1249 4258 1399 4315 'Genetiri
1416 4269 1497 4316 autem

367 4348 396 4397 in
414 4346 477 4415 legs
501 4345 597 4398 eadem
622 4349 666 4397 est
687 4349 827 4399 structura
850 4362 921 4413 quse
944 4348 974 4398 in
991 4348 1055 4415 legs
1072 4350 1195 4400 Antonia
1212 4347 1246 4400 de
1264 4348 1454 4400 Tarmensibus
1470 4348 1496 4402 C.

365 4432 388 4484 1.
407 4432 439 4483 1..
458 4434 509 4484 204
526 4432 555 4483 11
572 4434 605 4483 2⁷
623 4447 663 4499 sq.
682 4433 760 4485 ‘idem
781 4433 808 4483 in
825 4434 919 4485 eisdem
936 4433 1013 4486 rebus
1029 4435 1108 4485 loccis
1124 4436 1211 4500 spreto
1228 4435 1369 4501 aedificieis
1390 4433 1496 4500 oppideir

371 4516 538 4569 Tormentium
554 4519 675 4570 aratorios
691 4518 837 4571 Pisidorwu
852 4520 908 4571 ioue
925 4526 1001 4571 erto!
