3409 5409
365 538 414 587 un
436 538 487 587 nn
511 538 725 588 roovnsavn
747 538 924 601 aaarovns
948 538 1235 591 oonsssrvsnms.
1328 524 1369 588 89

223 697 289 763 luit
308 696 394 762 Mus.
415 696 507 763 rhen.
523 693 603 781 phil.
618 694 685 759 XV
699 694 777 759 464:
800 716 991 781 praesens
1014 718 1086 763 esse
1107 702 1281 762 ‘noratur’
1298 696 1369 762 sive

223 803 425 867 ‘nudeoitur’
447 798 546 886 idque
561 797 684 863 eumin
699 797 854 881 legerim
869 798 990 865 habeat
1003 799 1124 880 futuri,
1139 798 1250 867 futuro
1267 798 1368 887 expli-

222 903 295 969 cari
310 901 417 969 solere
438 899 715 987 agrammatiois,
737 900 772 965 in
793 908 861 965 tam
883 910 974 967 certa
994 910 1027 967 et
1042 910 1197 967 aoourata
1210 902 1368 988 intorpre-

222 1005 349 1071 tatione
373 1004 426 1071 bis
452 1003 593 1090 repetita
618 1002 698 1068 satis
720 1001 830 1068 saoere
856 1002 923 1068 ullo
948 1002 1044 1070 modo
1069 1012 1191 1091 potest:
1222 1004 1279 1089 qui
1304 1025 1368 1089 quo

222 1105 379 1194 exemplo
398 1106 465 1173 tale
486 1104 674 1193 explicandi
694 1125 798 1191 genus
819 1104 977 1171 illustrari
998 1104 1117 1187 voluit,
1139 1105 1174 1171 id
1189 1105 1296 1193 ipsum
1311 1128 1370 1171 our

221 1232 343 1297 parum
367 1208 449 1273 mihi
473 1208 647 1296 probetur,
674 1208 762 1274 iufra
788 1208 907 1274 dicam.
938 1208 1145 1296 Quamquam
1171 1208 1369 1275 Oorssenum

220 1314 281 1402 qui
297 1312 353 1399 (de
363 1310 484 1377 Enunt
497 1312 515 1377 I
529 1310 562 1377 5.
584 1310 620 1377 11
634 1310 745 1397 38sq.)
762 1310 903 1398 probata
914 1310 1244 1378 Muellerissntentiu
1258 1312 1368 1399 potius

220 1422 412 1481 ‘noncutor’
433 1423 467 1479 et
480 1420 708 1478 ‘renouentur’
724 1422 879 1500 quattuor
899 1414 971 1479 istis
993 1413 1072 1479 loeis
1093 1415 1249 1501 seriptum
1264 1414 1368 1479 fuisse

220 1527 392 1599 autumat,
418 1518 502 1583 bene
525 1517 615 1581 idem
643 1517 783 1598 refutat,
808 1527 904 1582 vetus
928 1518 1082 1583 mendum
1106 1538 1240 1582 monens
1266 1538 1369 1603 aeque

220 1621 328 1709 repeti
343 1640 440 1706 posse
455 1640 476 1683 a
491 1619 655 1706 scriptura
669 1618 813 1705 Augusti
827 1627 936 1685 aetate
952 1618 1117 1685 celebrata
1132 1625 1327 1685 ‘noaoxiton'

309 1722 381 1787 Iam
389 1742 467 1787 vero
476 1731 562 1787 -ut
574 1720 705 1786 redeam
718 1720 851 1787 tandem
866 1720 953 1786 unde
967 1721 1135 1806 digressus
1153 1722 1369 1809 sum-quod

219 1827 263 1893 de
280 1825 387 1891 forma
402 1828 596 1889 ‘ardentior’
617 1824 683 1887 iam
703 1824 835 1891 videtur
855 1822 1061 1910 exploratum
1083 1846 1170 1907 esse,
1192 1824 1278 1891 idem
1298 1834 1369 1892 tota

217 1930 286 1995 looi
309 1926 453 1993 Pliniani
473 1926 665 1993 condicione
684 1926 907 1992 oonfirmatur.
948 1926 1081 1993 Etenim
1101 1927 1189 1993 huno
1209 1926 1318 1993 looum
1340 1928 1369 1991 si

217 2030 413 2117 diligentius
435 2029 618 2116 inspexeris
640 2038 833 2115 atquo-oum
849 2028 1017 2095 Ciceronis
1039 2052 1136 2117 quem
1152 2051 1253 2117 supro
1272 2028 1368 2095 attuli

216 2130 413 2213 contuleris,
441 2131 695 2218 haudquaquam
721 2130 819 2218 plenu
844 2130 928 2217 legis
954 2133 1057 2197 verba
1089 2132 1185 2198 citari
1214 2154 1235 2196 a
1262 2130 1368 2197 Plinio

218 2256 416 2321 cognosces:
441 2234 614 2321 inquibus
635 2235 781 2320 parentis
804 2234 875 2301 sive
896 2244 1069 2321 parentum
1090 2234 1211 2299 mentio
1232 2254 1368 2321 prorsus

218 2337 439 2405 desideretur.
470 2336 574 2402 Porro
590 2336 677 2423 quod
692 2345 830 2423 uterque
849 2336 953 2401 refert
967 2342 1049 2403 ‘eine
1061 2340 1196 2415 froude’
1212 2356 1368 2403 eoronam

217 2464 261 2507 ex
283 2440 356 2525 lege
375 2424 500 2527 imponi
520 2448 649 2504 mortuo
656 2486 666 2520 ,
688 2440 905 2526 suspitionem
925 2448 1036 2506 movet
1054 2440 1089 2504 id
1116 2440 1226 2527 ipsum
1252 2437 1367 2504 eodem

217 2542 321 2611 modo
344 2529 408 2628 qno
432 2542 470 2608 fit
495 2542 530 2605 in
554 2549 731 2629 praecepto
757 2540 846 2627 quod
872 2541 983 2606 statim
1004 2542 1151 2629 sequitur
1171 2540 1212 2607 de
1233 2561 1312 2605 auro
1333 2541 1367 2605 in

218 2644 376 2710 dentibus
392 2642 524 2709 oondito
539 2642 668 2730 (Cicero
687 2642 727 2707 de
743 2642 807 2729 leg.
822 2643 858 2707 II
873 2644 932 2727 24,
948 2643 1002 2731 60)
1020 2644 1142 2710 diserte
1156 2644 1191 2708 in
1205 2641 1277 2709 XII
1294 2664 1367 2707 oau-

221 2756 294 2812 tum
316 2746 430 2813 fuisse.
457 2746 508 2810 Ne
523 2745 642 2827 multa,
665 2744 747 2831 legis
774 2746 876 2811 verba
896 2746 931 2809 in
952 2745 1038 2811 hune
1059 2746 1192 2812 modum
1214 2744 1368 2811 videntur

220 2848 428 2916 restituenda
443 2870 515 2913 esse

309 2955 381 3028 ‘Oui
404 2971 546 3017 coronam
568 2959 652 3031 parit
676 2960 739 3032 epse
761 2958 927 3031 pecuniave
951 2958 1015 3016 eius
1040 2956 1193 3016 lionoris
1218 2956 1367 3017 virtutisne

221 3076 309 3135 ooo,
326 3062 359 3118 si
372 3058 580 3119 urduuitor
594 3061 629 3118 ei
640 3063 869 3134 parentique
883 3061 961 3131 eius,
977 3075 1007 3118 se
1018 3056 1138 3131 froude
1150 3058 1233 3119 esto?

307 3154 435 3221 Plinius
450 3157 550 3241 igitur
564 3178 638 3221 oum
650 3178 763 3222 vocem
775 3161 963 3223 ‘orduuitur'
975 3178 1039 3221 non
1055 3159 1136 3223 satis
1151 3154 1366 3243 intellegeret,

222 3281 282 3346 pro
308 3258 444 3325 arbitrio
465 3258 632 3346 putandus
655 3269 706 3324 est
730 3259 884 3343 resectis,
906 3259 1024 3346 quibus
1051 3280 1161 3325 carere
1182 3280 1280 3346 posse
1303 3258 1366 3325 sibi

222 3360 408 3444 videretur,
429 3360 535 3447 legem
557 3362 779 3426 constituisse.
814 3360 931 3448 Neque
955 3362 1088 3427 veroin
1114 3384 1152 3427 eo
1179 3360 1366 3427 offendendi
1449 3404 1456 3415 -

220 3485 341 3529 eaussa
355 3472 418 3546 est,
434 3462 521 3550 quod
538 3483 614 3527 oum
628 3464 792 3550 praesenti
810 3470 937 3543 ‘porit’‚
953 3484 1016 3549 quo
1032 3484 1083 3529 res
1105 3464 1260 3528 universa
1274 3464 1364 3549 poni-

221 3574 291 3649 tur,
319 3567 355 3630 in
379 3564 483 3632 altero
507 3566 654 3632 membro
679 3566 827 3631 futurum
852 3574 1007 3631 exectum
1033 3566 1075 3630 ad
1097 3576 1222 3631 eertum
1243 3573 1366 3632 statum

222 3678 375 3754 spectans
389 3668 553 3753 iungitur:
569 3670 624 3756 qui
639 3691 719 3733 usus
734 3668 879 3733 munitur
899 3668 1035 3753 antiqua
1053 3667 1125 3753 lege
1141 3666 1249 3734 Servii
1264 3664 1365 3732 Tullii

221 3790 306 3855 quae
322 3769 442 3835 dicitur
457 3770 547 3858 apud
557 3772 692 3836 Festum
707 3772 811 3858 pred
825 3778 865 3836 ‘se'
876 3782 1031 3851 parentem
1044 3792 1122 3851 puer
1136 3774 1303 3852 verberit,
1319 3782 1367 3835 ost

221 3878 278 3936 olle
289 3878 470 3951 plorassit,
489 3894 568 3953 puer
588 3878 666 3939 diuis
682 3884 844 3953 purorum
865 3894 951 3939 sacer
972 3880 1054 3937 esto?
1092 3872 1157 3940 Hie
1178 3874 1264 3939 enim
1280 3880 1364 3945 ‘uer-

220 3975 312 4038 terit'
327 3996 394 4041 non
408 3985 471 4059 est,
488 3976 516 4040 si
538 3977 616 4064 quid
639 3977 754 4059 video,
776 3978 833 4063 qui
852 3975 951 4061 vulgo
967 3974 1247 4067 perhibetquost
1263 3974 1363 4041 Scali-

220 4077 382 4165 geruml),
397 4079 684 4145 ooniunotivus
698 4079 932 4167 praesentis
947 4099 1007 4165 pro
1019 4078 1196 4145 ‘verberet'
1210 4078 1363 4145 intereos

220 4176 427 4263 referendus,
453 4180 495 4245 de
520 4180 640 4268 quibus
661 4202 761 4267 supra
781 4180 942 4265 vidimus,
969 4202 1033 4251 neo¹
1051 4182 1157 4266 magis
1184 4181 1363 4245 futurum

221 4291 420 4365 exactum,
441 4283 513 4348 sive
531 4281 623 4347 idox
640 4282 847 4348 ‘verberarit'
866 4320 904 4331 —
920 4304 1003 4370 quae
1019 4282 1091 4369 ipsa
1111 4282 1217 4349 forma
1231 4282 1364 4347 novicia

223 4432 409 4447 ——-—..,-.-,

288 4520 309 4585 ¹)
328 4523 365 4574 of.
379 4522 508 4577 Strurius
525 4522 559 4574 de
578 4522 647 4574 deul.
667 4525 894 4591 otooni.p.146.
919 4523 952 4577 G.
966 4522 1077 4575 Curtius
1096 4524 1130 4577 de
1148 4528 1232 4591 temp.
1251 4528 1279 4575 et
1291 4526 1361 4577 mod.

222 4618 247 4669 p,
265 4605 324 4661 2⁶2.
352 4608 476 4678 Boppius
495 4608 542 4662 Gr.
562 4624 586 4661 o.
605 4610 620 4672 θ
638 4610 696 4661 690.
