3409 5409
373 478 414 545 66
796 497 909 545 csnvn
931 496 1096 545 ssorum.

374 650 464 717 Festi
484 648 596 737 glossa
617 649 659 717 ad
679 650 785 737 legem
801 652 818 717 Ι
834 652 855 715 9
870 654 942 716 ‘Sol
960 671 1084 717 occasus
1103 671 1244 733 supremo
1267 661 1436 731 tempestas
1457 658 1558 717 esto'

374 762 543 839 spectante
558 762 725 839 sumptum
741 775 826 819 osse.
855 752 1090 840 supplemento
1106 763 1215 819 autem
1230 752 1317 840 quod
1333 752 1508 817 dedimus
1522 754 1552 838 1)

373 876 438 919 non
457 852 532 923 leve
552 854 737 921 subsidium
759 853 889 921 secedit
907 853 979 919 Ser.
1002 853 1140 941 Sulpicii
1158 855 1338 920 auctoritas
1360 876 1454 941 quae
1475 876 1551 919 ex-

374 965 469 1043 cepto
490 978 556 1022 uno
577 956 649 1021 loco
670 978 702 1043 p.
718 955 782 1023 233
798 979 830 1021 v.
851 957 1010 1043 posticam
1031 995 1074 1007 -
1093 978 1169 1021 nam
1190 958 1232 1022 de
1255 979 1289 1043 p.
1306 956 1367 1021 182
1382 979 1419 1020 v.
1446 955 1550 1021 orba

373 1079 491 1145 param
512 1067 644 1124 constet
663 1093 707 1105 -
727 1079 791 1123 non
814 1056 899 1124 solet
918 1058 1006 1145 opud
1022 1060 1158 1125 Festum
1177 1059 1299 1145 apponi
1318 1057 1382 1121 nisi
1401 1056 1546 1141 glossis

374 1182 418 1225 ex
432 1158 504 1227 XII
518 1158 642 1247 petitis.
669 1158 712 1225 of.
730 1181 761 1245 p.
778 1161 851 1225 210.
868 1161 942 1225 321.
958 1160 1032 1225 322.
1047 1161 1121 1225 376.
1151 1160 1205 1225 Ex
1225 1158 1312 1224 illius
1332 1160 1440 1243 igitur
1457 1158 1543 1223 XII

373 1262 644 1349 interpretatione
659 1270 731 1328 tote
745 1260 857 1346 glossa
871 1260 981 1345 fluxit,
997 1262 1068 1327 sine
1083 1261 1184 1327 dubio
1199 1261 1243 1327 ad
1257 1283 1330 1327 eam
1350 1260 1463 1345 legem
1480 1283 1541 1325 re-

374 1362 513 1431 ferenda
531 1385 596 1451 qus
617 1370 662 1427 ‘a'
680 1384 783 1427 sersus
800 1367 918 1440 sartam
936 1367 1026 1441 faxit
1042 1370 1242 1427 noxiamve
1261 1369 1377 1429 aocait’
1393 1383 1540 1426 noxae

375 1464 469 1531 dedi
484 1464 616 1531 iubetur
630 1464 717 1550 (XII
732 1465 777 1552 3).
809 1466 839 1529 N
842 1488 895 1530 om
910 1464 997 1529 VIII
1010 1466 1031 1530 5
1045 1465 1113 1551 (6),
1129 1464 1181 1530 cui
1197 1486 1301 1551 aeque
1315 1464 1400 1531 bene
1415 1463 1539 1530 vindi-

374 1568 443 1633 cori
464 1576 560 1653 putat
580 1565 786 1649 Dirksenus,
808 1589 874 1633 non
889 1574 1016 1631 ‘noxia’
1043 1567 1123 1649 fuit,
1151 1567 1210 1633 sed
1232 1572 1425 1647 ‘pauperies’
1454 1567 1478 1629 i.
1500 1589 1535 1630 e.

376 1673 531 1733 ‘domnam
545 1673 627 1749 quoa
640 1674 815 1749 quadrupes
826 1672 956 1746 fecers't’
973 1666 1110 1753 (Paulus
1124 1690 1157 1755 p.
1172 1666 1263 1753 220).

460 1772 532 1836 Iam
553 1770 656 1854 igitar
675 1792 718 1834 ex
737 1768 800 1835 hoo
821 1768 959 1858 Sulpicii
980 1768 1198 1857 explicatione
1218 1768 1339 1835 certius
1355 1769 1460 1834 etiam
1475 1770 1535 1833 in·

375 1870 543 1957 tellegitur
564 1880 597 1936 et
616 1869 672 1935 illo
694 1870 765 1935 loco
782 1871 888 1937 >1113
908 1872 954 1937 ab·
967 1870 1110 1959 Ulpiano
1131 1870 1254 1939 tradito
1277 1883 1311 1937 et
1325 1870 1389 1937 Gai
1404 1871 1464 1956 qui
1481 1870 1532 1936 ad

374 1972 463 2039 idem
477 1982 688 2060 praeceptum
709 1972 796 2039 redit
819 1974 861 2038 D.
877 1974 937 2055 50,
955 1974 1011 2057 16,
1026 1974 1090 2039 238
1106 1978 1126 2057 ξ
1140 1975 1162 2039 3
1178 1978 1307 2039 ‘Naxiae
1320 1980 1534 2053 appellatione

375 2094 461 2139 anae
474 2079 613 2139 delictam
627 2081 804 2139 concinatar’
827 2075 1062 2141 correctionem
1077 2082 1213 2141 ‘noxam'
1229 2084 1263 2140 et
1285 2079 1407 2139 ‘noxae’
1422 2074 1530 2160 plane

374 2177 594 2242 reiectanesm
615 2198 698 2243 esso.
729 2175 878 2263 Namque
894 2176 1071 2242 discrimen
1084 2177 1171 2263 quod
1186 2177 1367 2262 antiquitus
1388 2175 1455 2241 fuit
1474 2177 1529 2241 in-

375 2288 427 2345 ter
440 2278 575 2344 noxiam
595 2290 627 2345 et
648 2300 771 2345 noxam
792 2287 881 2343 recte
900 2289 1051 2345 notatum
1071 2301 1091 2343 a
1107 2278 1251 2365 Sulpicio
1272 2277 1452 2365 posteriore
1468 2278 1527 2343 de-

375 2402 465 2447 mum
480 2390 587 2447 aetate
602 2380 769 2447 sublatum
784 2392 848 2448 est:
873 2390 912 2445 ut
931 2380 997 2445 iam
1011 2380 1099 2467 apud
1115 2380 1248 2445 Livium
1267 2380 1453 2466 promiscue
1473 2379 1526 2445 di-

377 2484 462 2549 citur
477 2488 585 2565 ‘pestes
598 2490 704 2548 nutiles
724 2490 817 2549 noxia
832 2490 916 2547 erat'
931 2481 986 2545 III
998 2482 1053 2563 42,
1068 2482 1089 2545 2
1105 2491 1138 2547 et
1154 2489 1316 2546 ‘neminem
1330 2501 1429 2545 nacae
1441 2502 1524 2561 poe-

375 2590 504 2650 aiteoa’
520 2584 627 2667 1154,
645 2576 685 2650 1‘0
706 2593 756 2649 ‘at
769 2605 859 2664 qaam
879 2589 914 2649 ob
929 2589 1058 2647 aroaana'
1075 2584 1233 2665 V114,5
1252 2582 1295 2648 cf.
1312 2582 1399 2649 VIII
1412 2584 1471 2661 35,
1486 2583 1522 2647 5.

309 2666 322 2675 ’
376 2685 430 2752 IX
444 2686 476 2769 8,
491 2688 514 2751 4
528 2691 579 2751 ‘ab
594 2707 706 2751 noxam
721 2691 793 2751 aedi
798 2697 808 2725 '
824 2684 913 2751 XXI
928 2687 970 2750 30
975 2734 985 2769 ‚
1001 2686 1021 2750 3
1038 2724 1079 2732 —
1094 2695 1129 2749 ot
1145 2684 1264 2750 XXVI
1278 2685 1321 2749 29
1336 2694 1419 2749 extr.
1437 2690 1526 2749 ‘aerii

376 2796 492 2853 noxoe’
509 2787 597 2853 VIII
610 2788 651 2852 28
674 2793 739 2868 ‘qui
757 2808 869 2853 noxam
884 2794 1057 2851 meruisset!
1076 2825 1110 2835 -
1131 2786 1338 2874 Quamquam
1358 2785 1411 2850 IX
1428 2786 1469 2850 10
1483 2786 1522 2850 in

376 2887 518 2955 formula
538 2887 661 2954 fetialis
684 2894 879 2969 ‘quandoque
900 2894 965 2953 hice
984 2895 1117 2953 stamineo
1136 2895 1251 2953 osiana
1267 2896 1375 2968 papali
1393 2892 1524 2953 Rotnani

379 2994 535 3067 Quiritium
546 2994 657 3068 foedas
671 2998 759 3056 ictum
774 2997 815 3055 ἐντ’
827 2996 1049 3071 spoponderunt
1062 3003 1151 3069 alque
1164 2996 1199 3055 ob
1218 3010 1285 3054 eam
1302 3011 1366 3055 rem
1386 3011 1520 3055 noxam

376 3103 602 3157 nocuerunt:
617 3098 652 3157 ob
666 3114 731 3159 cam
746 3113 808 3157 rem
827 3098 914 3158 hosce
931 3097 1063 3158 homines
1083 3098 1160 3157 sota
1179 3098 1268 3157 dedo’
1289 3100 1472 3157 ‘noxiam'
1489 3095 1520 3159 si

377 3216 441 3259 non
457 3194 697 3261 restituendum
712 3204 781 3277 est,
802 3204 890 3260 certe
905 3195 1053 3260 extitisse
1073 3195 1162 3280 opud
1177 3194 1265 3260 Livii
1281 3204 1429 3261 auctores
1447 3216 1520 3281 per·

377 3318 512 3361 suasum
526 3295 643 3364 habeo.
652 3297 679 3385 ²)

378 3436 490 3447 ,ρ--α-
502 3438 580 3447 ⁴——

445 3520 465 3585 ¹)
489 3522 547 3573 Iam
571 3522 606 3573 ab
625 3521 770 3574 Huschkio
794 3527 960 3589 occupatum
982 3522 1064 3574 video
1083 3522 1183 3589 Inrisp.
1202 3522 1289 3573 antei.
1307 3538 1334 3588 p.
1352 3522 1400 3573 26:
1425 3536 1516 3588 quom·

377 3620 460 3671 quem
479 3608 502 3657 is
522 3606 594 3659 molo
613 3612 642 3657 et
663 3610 727 3673 post
745 3610 812 3659 ‘ait'
831 3609 950 3661 inscruit
967 3612 996 3659 et
1014 3612 1091 3658 arcte
1115 3622 1177 3657 cnm
1194 3607 1248 3658 hoc
1264 3608 1350 3659 verbo
1369 3607 1458 3657 lunxit
1475 3612 1517 3657 ‘at

376 3688 435 3744 Ser.
455 3690 526 3759 Salp.
545 3692 576 3743 Ii.
595 3694 632 3743 ait
653 3694 679 3743 in
698 3692 759 3743 XII
764 3730 770 3751 ‚
790 3694 904 3745 domanam
927 3694 1074 3757 almificat!
1110 3692 1198 3754 Quasi
1220 3708 1287 3743 vero
1311 3693 1358 3742 ‘in
1375 3692 1445 3743 Xll’
1463 3691 1516 3742 (lici

376 3776 466 3841 possit
483 3774 516 3826 de
534 3776 587 3828 xn
605 3778 844 3845 interpretatione.

444 3858 467 3926 ¹)
486 3860 598 3915 Servius
616 3861 651 3914 etl
668 3864 761 3916 AenI
777 3866 809 3914 41
828 3864 942 3915 ‘Nonam
958 3879 1008 3929 pro
1026 3864 1143 3918 noxiam
1160 3870 1187 3915 et
1203 3863 1251 3914 too
1267 3865 1375 3915 imeres!
1391 3864 1458 3913 ister
1473 3878 1516 3914 aa·

375 3960 438 3997 aaa
454 3953 481 3997 et
498 3949 613 4007 noman,
632 3950 700 4015 qaod
716 3950 796 4001 nomia
814 3952 890 4013 calpa
906 3957 957 4007 eat,
976 3951 1005 3999 ia
1021 3955 1060 3999 eat
1076 3956 1219 4014 peccatam,
1239 3964 1312 4000 noco
1328 3955 1410 4000 atem
1425 3963 1514 4012 possm

377 4029 483 4093 Qaaan
500 4048 571 4085 nocco
589 4048 654 4100 qaae
671 4036 768 4092 nocuit,
787 4034 867 4085 noxia
885 4035 914 4083 s'd
930 4036 998 4101 quod
1019 4036 1128 4085 nocitum
1146 4035 1296 4099 accipiant!
1332 4035 1370 4083 nt
1386 4032 1459 4083 hone
1475 4031 1515 4082 ol-

377 4120 465 4166 teram
484 4119 620 4169 rationem
638 4119 764 4184 seqnitur
781 4117 945 4168 'Iribonisni
963 4118 1087 4170 definItIo
1106 4118 1175 4173 Inst.
1187 4120 1213 4182 4,
1232 4119 1248 4169 8
1267 4120 1310 4180 §1
1329 4118 1420 4169 ‘No-ea
1437 4124 1514 4168 mess

377 4208 417 4251 cst
434 4218 527 4267 corpas
544 4204 614 4270 qaod
630 4204 729 4263 sonat,
753 4204 834 4255 nocio
856 4204 937 4268 ipsios
959 4206 1123 4269 maleficiam’
1160 4204 1223 4266 Qua
1241 4220 1271 4254 rc
1289 4202 1334 4268 fit,
1356 4206 1387 4253 at
1408 4207 1515 4268 praeter

377 4288 473 4337 ‘noxae
492 4288 599 4341 dedere‘
623 4288 658 4343 cf.
680 4286 835 4339 Columella
854 4288 888 4339 de
906 4304 928 4338 r.
947 4304 969 4339 r.
989 4290 1002 4341 1
1020 4291 1109 4357 praef.
1128 4292 1151 4341 s
1177 4289 1233 4341 Gai
1248 4288 1288 4339 IV
1306 4291 1346 4340 76.
1372 4286 1444 4340 coll.
1461 4286 1512 4353 lag.

378 4372 446 4423 113.
466 4374 499 4425 D.
519 4374 783 4447 4,6,964.4,4,
803 4374 911 4437 245³.
938 4378 963 4439 9,
985 4377 1186 4441 1‚l§14sq.
1212 4374 1409 4439 9‚2,ti§2.
1431 4374 1512 4436 421,

377 4459 393 4506 6
415 4460 430 4519 5
450 4463 472 4512 1.
498 4460 590 4521 488.
611 4460 685 4525 ¹Inst.
705 4456 735 4524 Il,
758 4464 833 4525 8pr.
864 4460 953 4511 Glocs.
978 4461 1067 4515 Lobb.
1092 4466 1194 4511 ‘noxae
1218 4462 1320 4510 deditas
1342 4456 1381 4511 εἰ(
1406 4457 1512 4509 solacis

377 4541 483 4595 boflelc'
503 4572 531 4579 -
553 4545 611 4596 sive
630 4548 666 4593 ‘ia
686 4562 777 4595 orosam
796 4549 833 4599 al)
857 4547 891 4595 D.
910 4548 936 4611 9,
957 4550 979 4611 1,
1000 4550 1011 4597 1
1030 4549 1046 4609 ὅ
1067 4550 1106 4600 11,
1129 4548 1198 4599 Inst.
1216 4548 1247 4613 4,
1265 4548 1282 4597 8
1299 4547 1315 4607 9
1334 4546 1348 4595 ἵ
1367 4536 1389 4593 s.
1408 4546 1455 4597 ‘ad
1470 4561 1510 4597 oo-
