3409 5409
334 498 354 561 8
769 510 884 560 csrvr
905 511 1054 559 rnruvu.

240 684 242 687 ·
334 666 416 753 legis
443 666 550 731 locum
579 666 793 732 succederent
818 666 914 751 eique
939 666 1034 752 quasi
1057 663 1272 733 fundamento
1299 676 1495 753 superstru-

335 779 469 835 crentur
479 768 518 853 ¹):
547 777 646 855 atque
672 766 946 856 quemadmodum
973 777 1050 855 post
1075 764 1181 853 legem
1207 767 1386 834 Aebutiam
1414 779 1494 836 tota

334 869 519 937 iurisdictio
547 892 647 958 penes
671 878 840 957 praetores
863 881 949 954 erat,
973 869 1022 935 ita
1046 870 1243 935 auctoritate
1267 868 1322 935 lex
1346 871 1493 939 cedebat

335 974 495 1060 praetoris
512 972 631 1040 edicto.
640 973 667 1059 ²)
688 972 752 1039 His
767 996 834 1039 non
849 981 1052 1060 repugnant,
1066 973 1166 1040 immo
1180 972 1279 1037 fidem
1293 972 1420 1039 addunt
1433 996 1492 1056 ea,

335 1098 420 1163 quae
435 1074 476 1141 de
490 1074 573 1161 legis
589 1075 723 1141 statutis
740 1073 939 1142 oblitteratis
961 1096 1001 1139 ac
1019 1086 1136 1163 postea
1156 1075 1264 1141 denuo
1284 1084 1411 1141 mutato
1428 1098 1492 1143 uo·

335 1178 424 1243 mine
464 1176 644 1265 habituque
685 1178 890 1265 temporibus
925 1177 1190 1245 accommodato,
1210 1177 1492 1246 reviviscentibus

335 1278 499 1351 Macrobii
514 1280 700 1347 testimonio
716 1281 932 1367 comperimus
948 1280 1018 1346 Sat.
1033 1280 1089 1345 ΙΠ
1104 1281 1153 1363 17,
1169 1280 1190 1345 8
1211 1286 1255 1344 ‘ia
1275 1301 1312 1344 ee
1332 1287 1412 1345 euim
1428 1284 1492 1358 se-

336 1386 453 1447 rendu’
473 1380 674 1469 -loquitur
695 1380 735 1447 de
755 1381 828 1467 lege
842 1381 973 1447 Licinia
995 1383 1200 1470 sumptuaria
1213 1420 1257 1434 -
1271 1387 1423 1463 ‘quamde
1443 1390 1495 1448 est

337 1506 431 1551 accae
452 1490 527 1563 leuis
546 1490 710 1549 ructemus
731 1492 916 1551 exolescente
929 1494 1008 1551 natu
1021 1491 1096 1565 lecti
1109 1492 1288 1567 mariaco
1301 1492 1359 1567 irc,
1374 1491 1492 1551 tecu-

336 1593 392 1666 ler,
416 1598 450 1653 ut
469 1593 507 1653 de
534 1592 607 1669 ipris
627 1590 783 1653 duom
805 1590 915 1653 tamir
932 1591 1052 1664 fuctum
1075 1599 1136 1653 ert:
1161 1608 1291 1667 quaram
1311 1592 1375 1653 abi
1391 1608 1492 1653 coa·
1539 1616 1544 1623 ·

337 1696 452 1755 temni
464 1696 678 1770 antiquitas
695 1696 831 1769 coepit,
847 1694 954 1755 ecdem
968 1696 1024 1755 itta
1039 1711 1117 1770 quoe
1131 1696 1191 1755 ritis
1204 1696 1318 1771 teritur
1331 1695 1489 1757 carebun-

337 1802 402 1871 rar,
417 1798 448 1857 ia
463 1798 669 1859 craterarum
684 1798 804 1857 mminc
819 1800 1026 1858 transierant?

264 1958 267 1974 ,
422 1892 545 1961 Contra
564 1892 647 1979 legis
669 1916 750 1960 usus
771 1893 841 1959 fere
855 1893 1021 1980 relegatus
1041 1917 1062 1962 a
1082 1895 1154 1962 foro
1175 1896 1210 1960 in
1224 1894 1346 1961 scholis
1360 1896 1491 1963 diutius

338 1996 492 2063 obtinuit.
522 1995 609 2062 Nam
630 1996 693 2062 etsi
714 1996 757 2061 ad
773 1995 982 2083 disciplinam
1003 2007 1037 2063 et
1056 1998 1164 2084 ipsam
1185 2000 1370 2083 aagendam
1384 1998 1491 2066 (irae-

337 2120 450 2163 oorum
460 2096 650 2186 exemplum
660 2120 756 2165 suum
767 2109 970 2165 momentum
980 2098 1107 2183 babuit,
1119 2108 1230 2165 tamen
1240 2100 1330 2166 Livii
1342 2099 1493 2187 Odyssia

337 2200 372 2265 in
392 2198 486 2266 ludos
509 2186 655 2267 admissa
673 2223 740 2266 non
761 2200 874 2267 statim
893 2201 972 2267 inde
997 2202 1190 2268 exturbavit
1208 2201 1281 2266 XII
1300 2201 1491 2268 tabularum

340 2303 485 2397 studium
493 2303 536 2390 3);
559 2304 659 2371 immo
681 2303 743 2369 hoc
762 2325 823 2390 per
837 2302 903 2370 duo
923 2297 993 2370 iere
1008 2303 1141 2370 saecula
1162 2305 1262 2370 etiam
1277 2306 1491 2372 coniunctum

340 2428 414 2473 cum
429 2404 488 2472 illa
501 2406 639 2489 mansit,
660 2405 817 2493 quamdiu
831 2405 973 2472 Romani
993 2407 1029 2471 in
1049 2428 1088 2473 eo
1108 2405 1240 2472 laudem
1260 2407 1489 2493 capessebant,

338 2532 380 2575 ne
403 2530 484 2597 prae
504 2506 619 2573 alienis
647 2519 681 2575 et
700 2508 897 2577 adventiciis
918 2508 1129 2595 neglegerent
1152 2530 1214 2574 sua
1237 2530 1277 2573 ac
1301 2509 1488 2597 popularia

341 2613 452 2697 Atque
471 2632 570 2699 quam
588 2611 654 2677 late
675 2612 821 2697 patuerit
842 2612 942 2676 etiam
962 2612 1103 2697 septimo
1125 2609 1258 2678 saeculo
1278 2610 1368 2698 apud
1387 2602 1500 2699 popu?

338 2712 407 2779 lum
420 2713 504 2799 legis
520 2712 678 2798 cognitio,
693 2711 747 2779 rel
762 2735 805 2779 ex
820 2712 867 2777 eis
882 2714 1095 2800 conspicuum
1109 2713 1148 2779 fit
1162 2734 1247 2800 quae
1259 2712 1355 2778 buius
1370 2714 1490 2779 aetatis

340 2816 535 2902 scriptores,
550 2816 694 2881 maxime
708 2823 839 2902 poetae,
854 2814 933 2881 inde
948 2815 1123 2903 desumpta
1142 2816 1176 2880 in
1191 2825 1286 2881 suum
1300 2837 1398 2881 usum
1417 2836 1491 2881 ver·

339 2929 461 2987 tersmt.
491 2916 578 2983 Nam
591 2925 630 2983 ut
644 2916 733 3004 apud
748 2914 917 3001 Plautum,
928 2916 1135 2999 Terentium,
1151 2918 1296 2984 Ennium
1303 2967 1313 3002 ,
1328 2918 1378 2983 ita
1391 2916 1490 2983 edam

339 3022 375 3087 in
394 3019 533 3103 Lucilii,
556 3018 703 3101 Afranii,
723 3018 880 3085 Varronis
901 3018 1048 3108 reliquiis
1069 3030 1246 3087 occurrunt
1264 3019 1385 3107 quibus
1405 3028 1492 3087 tecte

341 3121 508 3189 alludatur
522 3120 566 3187 ad
580 3118 664 3207 legis
677 3120 781 3190 verba
795 3122 890 3187 etita
904 3122 1053 3208 quidem,
1073 3135 1112 3189 ut
1132 3144 1266 3188 acumen
1285 3122 1351 3187 nisi
1371 3121 1428 3210 qui
1447 3120 1490 3187 le·

345 3296 549 3308 11-—

342 3432 405 3467 eum
423 3416 496 3467 benc
513 3414 603 3481 ipsam
625 3428 682 3465 rem
705 3414 813 3466 diceret
835 3428 932 3465 ansam
955 3416 1117 3481 praebuisse
1139 3416 1213 3483 legis
1235 3416 1331 3467 statim
1356 3416 1492 3483 abrogan-

342 3502 394 3552 dae
422 3526 454 3538 -
482 3500 554 3566 quod
585 3501 697 3551 minime
729 3501 848 3553 suadem
878 3500 1021 3576 Labeonis
1052 3501 1140 3553 verba
1165 3506 1324 3567 ‘propterea
1352 3510 1492 3567 prcetcrer

339 3594 454 3654 parter
471 3588 537 3637 tanc
554 3585 701 3638 molescere
718 3594 744 3638 ei
765 3588 877 3654 relinqui
892 3596 1045 3638 cearueruat
1068 3604 1095 3638 e.
1112 3604 1138 3653 q.
1156 3590 1190 3641 s.’
1215 3592 1244 3637 et
1260 3602 1322 3637 eum
1341 3588 1406 3638 bine
1421 3588 1492 3638 adeo

344 3679 452 3739 tempus
476 3686 529 3737 quo
554 3672 582 3722 id
605 3672 694 3737 ipsum
719 3678 810 3724 actum
833 3676 910 3723 esset
933 3677 1064 3723 accurate
1087 3670 1227 3722 definiret:
1251 3687 1304 3723 nec
1328 3673 1417 3723 minus
1435 3672 1490 3722 liu-
1549 3668 1553 3673 ⁴

343 3756 469 3809 doridum
491 3761 558 3823 puto
580 3756 694 3807 nimium
717 3758 744 3809 ei
766 3758 808 3809 rei
826 3762 993 3809 momentum
1009 3757 1155 3819 tribuisse,
1180 3757 1227 3824 qui
1244 3756 1387 3808 Veratium
1410 3758 1492 3807 istum

343 3844 416 3894 inter
433 3842 554 3894 fictitias
572 3842 641 3893 iuris
658 3843 791 3895 historias
813 3857 948 3910 personas
973 3857 1034 3893 oum
1051 3842 1180 3893 Vindicio
1202 3857 1282 3894 servo
1307 3834 1427 3908 aliisque
1449 3857 1490 3893 re·

346 3929 404 3981 iert
419 3928 456 3979 Η.
475 3928 526 3982 iur.
546 3942 612 3979 rom.
630 3928 644 3979 Ι
662 3944 688 3995 p.
709 3930 758 3981 lot
775 3942 802 3977 n.
820 3930 844 3980 o.

412 4030 432 4096 ¹)
451 4032 606 4083 Honorem
625 4030 799 4091 memorabili
816 4030 980 4082 iniuriarum
998 4030 1119 4082 actionis
1137 4030 1262 4097 exemplo
1273 4030 1421 4103 praeclare
1432 4046 1491 4097 per·

343 4120 457 4169 secutus
476 4122 519 4169 est
536 4116 699 4169 Huschkius
717 4116 735 4168 l.
754 4114 771 4167 1.
791 4133 816 4183 p.
836 4118 886 4168 128
902 4130 964 4181 sqq.

411 4217 435 4286 ¹)
459 4220 496 4275 ei.
515 4219 614 4274 Cicero
632 4218 666 4269 de
689 4218 781 4286 legrl
803 4220 833 4281 5,
853 4220 893 4271 li.
934 4218 993 4271 Nor
1015 4234 1078 4284 erpo
1100 4236 1117 4268 c
1136 4221 1309 4283 praetoria
1330 4220 1440 4271 edicto
1461 4226 1491 4270 ut

342 4307 492 4373 plerique
509 4312 601 4366 aare,
621 4321 701 4372 reque
719 4322 736 4357 a
749 4304 811 4355 XII
821 4303 915 4377 tabuit
931 4312 960 4355 ut
975 4305 1182 4370 asperiores,
1199 4306 1249 4356 reci
1261 4306 1366 4370 penita
1383 4320 1419 4355 erc
1435 4306 1491 4369 ipra

342 4391 504 4457 pittcroptr'a
521 4391 688 4443 monacas
705 4392 769 4440 iurir
786 4390 948 4455 dt'acipir'nasr
962 4396 1051 4455 pstor.

411 4491 432 4557 ¹)
451 4492 514 4556 Qua
531 4495 560 4544 in
578 4510 608 4544 re
626 4508 722 4559 parum
740 4492 873 4559 temporis
890 4492 1027 4545 rationem
1044 4492 1137 4544 tenuit
1154 4492 1341 4544 Mommsennr
1357 4491 1393 4544 u
1412 4492 1447 4543 R.
1464 4492 1489 4543 11

343 4594 372 4646 p.
390 4580 449 4635 426.
486 4579 522 4631 ci.
541 4577 640 4629 Cicero
658 4576 692 4628 do
711 4578 765 4644 leg.
785 4578 813 4629 11
831 4578 873 4638 23,
891 4578 934 4630 bii.
