3409 5409
690 564 828 613 TAanA
851 564 911 613 Vll.

314 823 342 888 1.
366 838 398 888 ει
420 839 516 900 nova
538 838 667 886 rnvvm
689 808 804 886 uocn'r

311 926 365 988 2*.
388 924 509 989 Paulus
532 922 554 988 l.
578 924 663 989 XVI
686 923 729 987 ad
752 923 922 988 Sabinum.
947 923 1023 1007 Dig.
1047 924 1105 1005 43,
1129 924 1165 1005 8,
1188 924 1218 987 5.
1242 923 1289 987 ‘Si
1311 946 1370 1009 per

226 1025 395 1113 publicum
416 1024 525 1091 locum
546 1026 637 1091 rinus
654 1024 877 1112 aquaeductus
893 1025 1022 1111 priuato
1037 1024 1183 1107 nocebit,
1207 1026 1270 1089 crit
1285 1026 1370 1089 actio

225 1128 357 1214 priuato
377 1150 421 1193 ex
443 1127 516 1214 lege
539 1126 713 1194 duodecim
735 1125 938 1211 tabularum,
962 1136 999 1193 ut
1020 1148 1128 1193 noxae
1155 1126 1287 1193 domino
1319 1148 1369 1191 ca-

225 1237 365 1297 uenture

310 1432 471 1520 leianns
493 1432 515 1501 l.
530 1432 648 1498 LXXI
669 1432 714 1498 ad
735 1432 799 1500 Ed.
822 1434 901 1519 Dig.
917 1434 969 1513 43,
987 1435 1039 1515 27,
1065 1436 1081 1497 l
1105 1435 1171 1517 58.
1199 1429 1308 1515 ‘Quod
1323 1434 1371 1498 ait

226 1544 359 1622 praetor
381 1545 415 1601 et
435 1533 491 1601 lex
513 1534 685 1600 duodecim
708 1535 895 1601 tabularum
917 1536 1049 1601 efficere
1071 1534 1196 1617 uoluit,
1218 1546 1256 1601 ut
1277 1536 1370 1621 quin·

227 1636 333 1703 decim
353 1638 454 1724 pedes
476 1635 576 1703 altius
598 1639 682 1701 rami
703 1638 829 1704 arboris
851 1637 1144 1719 circumcidantur,
1174 1648 1207 1705 et
1233 1637 1295 1703 hoc
1321 1636 1370 1703 id-

227 1740 314 1805 circo
338 1740 488 1806 effectum
510 1748 573 1821 est,
597 1762 639 1803 ne
660 1740 778 1806 umbra
799 1740 926 1807 arboris
941 1741 1049 1806 uicino
1064 1739 1200 1827 praedio
1215 1746 1370 1807 noceret?

310 1958 436 2025 Plinius
464 1958 508 2024 Η.
530 1960 572 2027 N.
601 1950 687 2026 XVI
708 1960 745 2043 5,
770 1960 820 2026 15.
848 1960 1005 2041 ‘Cautum
1028 1970 1079 2027 est
1107 1970 1277 2049 praeterea
1298 1960 1371 2045 lege

226 2062 297 2129 XII
318 2060 518 2145 tabularum,
540 2072 578 2130 ut
598 2061 751 2147 glandem
772 2062 807 2127 in
828 2063 971 2129 alienum
994 2062 1133 2131 fundum
1148 2064 1371 2151 procidentem

225 2164 340 2233 lloeret
360 2162 538 2250 colligere?

310 2369 393 2435 Inst.
408 2368 446 2450 2,
464 2368 498 2451 l,
518 2369 571 2433 41.
595 2366 776 2434 ‘Venditae
796 2391 876 2434 uero
901 2371 985 2453 [ree]
1007 2379 1040 2435 et
1061 2370 1204 2451 traditae
1225 2393 1291 2437 non
1313 2369 1370 2435 ali·

225 2480 275 2537 ter
297 2470 437 2557 emptori
458 2470 672 2557 acquiruntur
686 2492 783 2557 quarn
800 2470 829 2534 ai
845 2470 873 2534 ie
889 2472 1051 2537 uenditori
1066 2473 1207 2557 pretium
1223 2470 1369 2553 soluerit,

225 2572 280 2639 uel
305 2572 371 2638 alio
398 2570 496 2638 modo
524 2570 852 2638 satisfaceritrueluti
881 2573 1121 2659 expromissore
1149 2582 1206 2639 aut
1232 2576 1369 2661 pignore

226 2866 268 2917 cis
290 2864 373 2926 dien)
396 2865 473 2915 ‘uiae
492 2901 498 2915 .
517 2866 542 2914 .’
558 2889 593 2899 -
616 2862 696 2927 (Mea
720 2871 780 2914 aaut
805 2868 995 2929 supplemento:
1018 2865 1080 2916 uias
1102 2868 1135 2915 nt
1157 2867 1205 2931 qui
1228 2867 1290 2917 ulae
1311 2868 1369 2920 cod.

230 2949 291 3001 Vat.
309 2953 380 3002 2731
397 2950 475 3001 Ler'd.
492 2950 560 3000 ande
577 2949 762 3000 Momnuenm:
780 2951 866 3013 ‘ulam
885 2953 916 2999 ut
934 2948 1050 3000 adiciat:
1070 2950 1143 3001 ‘uias
1155 2988 1161 3001 .
1175 2947 1206 3017 .’)
1226 2949 1324 3003 Cicero
1342 2968 1368 3017 p.

225 3033 350 3087 Caecina
369 3037 413 3094 19,
432 3036 466 3086 54
484 3035 521 3085 ‘ai
537 3034 586 3085 uia
604 3035 643 3086 rit
659 3034 815 3097 immunita,
833 3034 912 3085 iubet
930 3049 984 3099 qua
998 3034 1072 3086 uelit
1096 3050 1179 3101 agere
1199 3034 1368 3091 iumentum?

228 3120 265 3175 cl.
283 3120 386 3172 Puulua
402 3136 429 3186 p.
443 3120 476 3171 ta
492 3118 530 3172 Μ.
550 3118 723 3185 ‘delapidata
741 3117 835 3185 lapide
854 3122 963 3171 atrata.²

294 3223 320 3276 8.
338 3222 505 3288 Pomponius
524 3220 542 3271 1.
556 3220 610 3272 VII
628 3237 662 3271 ex
680 3221 800 3275 Plautio.
818 3221 852 3273 D.
867 3224 910 3286 to,
929 3222 953 3286 7,
973 3222 1004 3271 21
1024 3222 1072 3272 ‘Et
1090 3190 1162 3288 quod
1178 3224 1220 3274 itu
1237 3224 1369 3290 scriptum

226 3312 271 3357 eat
288 3306 457 3366 ‘uidebitur’,
475 3321 524 3372 pro
537 3306 590 3357 hoc
603 3306 695 3372 accipi
707 3305 790 3357 debet
802 3304 902 3357 ‘uideri
915 3306 1039 3371 poterit':
1058 3308 1099 3357 sic
1118 3312 1146 3358 et
1162 3309 1250 3359 uerba
1267 3308 1369 3361 duode-
1403 3310 1407 3317 “

131 3431 133 3435 .
227 3392 280 3443 eim
299 3390 456 3443 tabularum
474 3394 586 3443 ueteres
603 3390 782 3456 interpretati
798 3394 863 3441 runt
880 3390 926 3441 ‘ei
940 3432 946 3443 .
960 3424 967 3439 .
982 3428 987 3440 .
1003 3427 1029 3442 ..
1049 3392 1067 3441 i.
1087 3407 1111 3444 e.
1130 3394 1154 3443 si
1172 3408 1273 3444 nocere
1291 3398 1369 3459 pote·
1443 3416 1449 3429 ·

226 3477 282 3528 ἤι’
307 3474 365 3530 Cic.
378 3476 447 3543 Top.
459 3479 485 3543 θ,
497 3480 532 3530 89
550 3479 592 3527 ‘ut
609 3490 682 3540 aqua
695 3475 794 3541 pluuia
805 3474 903 3525 ultimo
922 3490 1024 3541 genere
1038 3492 1072 3527 aa
1087 3478 1138 3539 eat,
1158 3490 1228 3541 quae
1241 3476 1276 3528 de
1289 3478 1368 3529 coelo

225 3563 341 3614 uenient
360 3562 462 3613 crescit
477 3561 573 3625 imbri,
592 3560 642 3612 sed
659 3560 784 3627 propior,
802 3561 831 3611 iu
850 3574 904 3624 quo
923 3560 1003 3626 quasi
1019 3560 1062 3611 Ius
1076 3560 1189 3612 arcendi
1201 3562 1368 3625 continetur,

225 3663 313 3714 genua
331 3653 374 3699 eat
392 3662 466 3712 aqua
483 3646 579 3713 pluuia
597 3660 713 3705 nocent,
733 3646 792 3696 eine
811 3646 921 3711 generis
940 3646 1045 3697 formae
1064 3645 1119 3698 loci
1140 3646 1211 3697 uitio
1234 3651 1263 3698 et
1285 3662 1368 3700 manu

225 3748 342 3795 nocent,
362 3746 475 3799 quorum
493 3730 609 3783 altorum
626 3731 738 3782 iubetur
755 3730 790 3781 ab
809 3731 914 3782 arbitro
934 3732 1070 3796 coerceri,
1089 3731 1206 3784 alterum
1223 3746 1279 3783 nou
1291 3732 1368 3785 iube-

225 3820 287 3870 tur)
323 3818 360 3868 cl.
378 3818 445 3884 Dig.
463 3819 506 3880 39,
525 3820 542 3869 3
558 3816 669 3883 partim.

292 3922 316 3971 9.
336 3920 373 3970 cf.
392 3919 523 3985 Pompon.
546 3916 565 3969 l.
583 3918 700 3970 XXXIV
723 3917 759 3969 ad
776 3917 918 3969 Sabinum.
941 3920 1106 3983 1).43,2·1,
1125 3922 1140 3969 2
1164 3918 1211 3970 ‘Si
1234 3919 1316 3971 arbor
1335 3936 1369 3972 ex

223 4005 312 4058 uicini
330 4003 415 4055 fundo
432 4007 517 4055 uento
534 4004 671 4055 incIInata
688 4003 718 4053 in
734 4007 811 4055 tuum
829 4003 943 4054 fundum
962 4004 1013 4067 eit,
1031 4020 1064 4055 ex
1081 4002 1145 4070 lege
1163 4003 1308 4056 duodeeinr
1323 4008 1368 4055 tu-

224 4091 354 4143 bulorum
370 4089 406 4140 de
424 4089 572 4140 adlmonda
589 4104 623 4140 ea
640 4094 717 4141 reete
732 4103 816 4154 agore
834 4093 914 4154 potos
932 4089 975 4140 ius
989 4090 1081 4140 elnon
1101 4104 1162 4140 esee
1181 4090 1221 4141 ita
1240 4090 1368 4141 arborem

225 4175 351 4226 habere)
386 4175 488 4226 Festus
505 4190 532 4240 p.
545 4173 595 4226 348
613 4173 650 4224 Μ.
668 4172 833 4225 ‘Sublucare
853 4174 966 4224 arborea
986 4178 1029 4224 ert
1046 4189 1137 4249 ramea
1156 4188 1248 4225 earum
1266 4188 1367 4241 suppu-

225 4265 296 4313 tare‘
314 4276 339 4312 e.
359 4275 385 4325 q.
404 4274 427 4310 s.
447 4258 563 4324 (Paulus
581 4262 652 4310 aaut.
670 4259 695 4309 V
713 4260 739 4323 6,
758 4260 811 4322 13.)

294 4364 334 4414 10.
354 4362 415 4413 Gai.
434 4362 452 4411 l.
464 4360 504 4411 IV
522 4360 566 4411 ad,
585 4359 603 4410 l.
616 4361 669 4411 XII
688 4359 853 4411 tabularum.
873 4362 906 4412 D.
920 4362 962 4425 50,
983 4362 1022 4425 16,
1042 4360 1151 4421 23651
1171 4358 1299 4411 ‘Glandia
1317 4376 1367 4427 ap-

223 4445 379 4513 pellatione
397 4447 485 4498 omnia
506 4446 613 4496 fructur
637 4446 808 4511 commetat,
827 4450 858 4495 nt
875 4444 1022 4497 Iauolenus
1042 4444 1094 4506 ait,
1120 4443 1247 4509 exemplo
1266 4446 1368 4498 Graeci

224 4533 370 4597 sermonis,
381 4530 458 4597 'apud
476 4546 546 4597 quoa
563 4546 656 4582 omnes
674 4530 801 4581 arborum
819 4532 927 4598 speclea
944 4527 1085 4594 ἀκρόδρυα
1103 4524 1304 4595 appellantur!
1330 4532 1367 4585 cl.

225 4616 314 4669 Gloaa
333 4617 424 4672 Lubb.
442 4616 532 4669 ‘olant
550 4614 658 4669 olandia
676 4611 814 4679 βάλανοί)
