<?xml version="1.0" encoding="UTF-8"?>
<!DOCTYPE html PUBLIC "-//W3C//DTD XHTML 1.0 Transitional//EN"
    "http://www.w3.org/TR/xhtml1/DTD/xhtml1-transitional.dtd">
<html xmlns="http://www.w3.org/1999/xhtml" xml:lang="en" lang="en">
 <head>
  <title>
</title>
<meta http-equiv="Content-Type" content="text/html;charset=utf-8" />
  <meta name='ocr-system' content='tesseract 3.04.00' />
  <meta name='ocr-capabilities' content='ocr_page ocr_carea ocr_par ocr_line ocrx_word'/>
</head>
<body>
  <div class='ocr_page' id='page_1' title='image "./legisdvodecimta01schgoog_0154.png"; bbox 0 0 3409 5409; ppageno 0'>
   <div class='ocr_carea' id='block_1_1' title="bbox 701 482 1380 547">
    <p class='ocr_par' dir='ltr' id='par_1_1' title="bbox 701 482 1380 547">
     <span class='ocr_line' id='line_1_1' title="bbox 701 482 1380 547; baseline 0.007 -6"><span class='ocrx_word' id='word_1_1' title='bbox 701 496 840 543; x_wconf 69' lang='grc' dir='ltr'>τιανιλ</span> <span class='ocrx_word' id='word_1_2' title='bbox 863 496 911 543; x_wconf 81' lang='lat' dir='ltr'>vr.</span> <span class='ocrx_word' id='word_1_3' title='bbox 1319 482 1380 547; x_wconf 83' lang='lat'>135</span> 
     </span>
    </p>
   </div>
   <div class='ocr_carea' id='block_1_2' title="bbox 231 740 1378 1328">
    <p class='ocr_par' dir='ltr' id='par_1_2' title="bbox 231 740 1378 1019">
     <span class='ocr_line' id='line_1_2' title="bbox 316 740 1378 838; baseline -0.001 -22"><span class='ocrx_word' id='word_1_4' title='bbox 316 752 431 816; x_wconf 85' lang='lat' dir='ltr'>Liuius</span> <span class='ocrx_word' id='word_1_5' title='bbox 454 750 508 816; x_wconf 93' lang='lat' dir='ltr'>III</span> <span class='ocrx_word' id='word_1_6' title='bbox 529 751 583 832; x_wconf 78' lang='lat'>44,</span> <span class='ocrx_word' id='word_1_7' title='bbox 608 752 656 815; x_wconf 78' lang='lat'>12.</span> <span class='ocrx_word' id='word_1_8' title='bbox 680 749 864 835; x_wconf 80' lang='lat' dir='ltr'>‘postulant</span> <span class='ocrx_word' id='word_1_9' title='bbox 885 740 923 816; x_wconf 85' lang='lat' dir='ltr'>ut</span> <span class='ocrx_word' id='word_1_10' title='bbox 944 772 1012 815; x_wconf 83' lang='lat' dir='ltr'>rem</span> <span class='ocrx_word' id='word_1_11' title='bbox 1033 752 1194 835; x_wconf 83' lang='lat' dir='ltr'>integrum</span> <span class='ocrx_word' id='word_1_12' title='bbox 1216 751 1251 813; x_wconf 91' lang='lat' dir='ltr'>in</span> <span class='ocrx_word' id='word_1_13' title='bbox 1273 753 1378 838; x_wconf 81' lang='lat' dir='ltr'>patris</span> 
     </span>
     <span class='ocr_line' id='line_1_3' title="bbox 231 850 1377 938; baseline 0 -21"><span class='ocrx_word' id='word_1_14' title='bbox 231 852 410 917; x_wconf 83' lang='lat' dir='ltr'>aduentum</span> <span class='ocrx_word' id='word_1_15' title='bbox 425 852 555 917; x_wconf 82' lang='lat' dir='ltr'>differat</span> <span class='ocrx_word' id='word_1_16' title='bbox 570 855 629 935; x_wconf 78' lang='lat' dir='ltr'>(oc.</span> <span class='ocrx_word' id='word_1_17' title='bbox 645 853 773 937; x_wconf 80' lang='lat' dir='ltr'>Appius</span> <span class='ocrx_word' id='word_1_18' title='bbox 790 850 975 938; x_wconf 73' lang='lat' dir='ltr'>Claudius),</span> <span class='ocrx_word' id='word_1_19' title='bbox 994 850 1066 937; x_wconf 81' lang='lat' dir='ltr'>logo</span> <span class='ocrx_word' id='word_1_20' title='bbox 1082 852 1210 938; x_wconf 81' lang='lat' dir='ltr'>abipso</span> <span class='ocrx_word' id='word_1_21' title='bbox 1226 851 1293 919; x_wconf 76' lang='lat' dir='ltr'>lato</span> <span class='ocrx_word' id='word_1_22' title='bbox 1309 856 1377 917; x_wconf 88' lang='lat' dir='ltr'>uin-</span> 
     </span>
     <span class='ocr_line' id='line_1_4' title="bbox 231 952 846 1019; baseline -0.003 0"><span class='ocrx_word' id='word_1_23' title='bbox 231 954 337 1019; x_wconf 74' lang='lat' dir='ltr'>dicius</span> <span class='ocrx_word' id='word_1_24' title='bbox 359 953 415 1019; x_wconf 86' lang='lat' dir='ltr'>dot</span> <span class='ocrx_word' id='word_1_25' title='bbox 437 953 615 1018; x_wconf 85' lang='lat' dir='ltr'>secundum</span> <span class='ocrx_word' id='word_1_26' title='bbox 637 952 846 1019; x_wconf 65' lang='lat' dir='ltr'>libertatum?</span> 
     </span>
    </p>

    <p class='ocr_par' dir='ltr' id='par_1_3' title="bbox 737 1056 934 1120">
     <span class='ocr_line' id='line_1_5' title="bbox 737 1056 934 1120; baseline 0 -1"><span class='ocrx_word' id='word_1_27' title='bbox 737 1056 767 1120; x_wconf 78' lang='lat'>7.</span> <span class='ocrx_word' id='word_1_28' title='bbox 790 1056 819 1120; x_wconf 89' lang='lat'>8.</span> <span class='ocrx_word' id='word_1_29' title='bbox 843 1056 873 1119; x_wconf 88' lang='grc'>9.</span> <span class='ocrx_word' id='word_1_30' title='bbox 930 1104 934 1110; x_wconf 81' lang='grc'><strong>.</strong></span> 
     </span>
    </p>

    <p class='ocr_par' dir='ltr' id='par_1_4' title="bbox 316 1172 1376 1225">
     <span class='ocr_line' id='line_1_6' title="bbox 316 1172 1376 1225; baseline 0.001 -1"><span class='ocrx_word' id='word_1_31' title='bbox 316 1174 451 1225; x_wconf 70' lang='lat' dir='ltr'>&#39;riuum</span> <span class='ocrx_word' id='word_1_32' title='bbox 472 1174 629 1224; x_wconf 67' lang='lat' dir='ltr'>lvrlctvll</span> <span class='ocrx_word' id='word_1_33' title='bbox 650 1172 803 1225; x_wconf 79' lang='lat' dir='ltr'>ABDIBVS</span> <span class='ocrx_word' id='word_1_34' title='bbox 825 1172 981 1223; x_wconf 76' lang='lat' dir='ltr'>VINIIAVE</span> <span class='ocrx_word' id='word_1_35' title='bbox 1008 1174 1030 1222; x_wconf 79' lang='grc' dir='ltr'>Ε</span> <span class='ocrx_word' id='word_1_36' title='bbox 1052 1174 1204 1225; x_wconf 70' lang='lat' dir='ltr'>collem</span> <span class='ocrx_word' id='word_1_37' title='bbox 1225 1175 1271 1223; x_wconf 76' lang='lat' dir='ltr'>XI}</span> <span class='ocrx_word' id='word_1_38' title='bbox 1299 1175 1376 1225; x_wconf 79' lang='lat' dir='ltr'>sob-</span> 
     </span>
    </p>

    <p class='ocr_par' dir='ltr' id='par_1_5' title="bbox 232 1278 327 1328">
     <span class='ocr_line' id='line_1_7' title="bbox 232 1278 327 1328; baseline -0.021 -3"><span class='ocrx_word' id='word_1_39' title='bbox 232 1278 327 1328; x_wconf 78' lang='lat' dir='ltr'>VITO.</span> 
     </span>
    </p>
   </div>
   <div class='ocr_carea' id='block_1_3' title="bbox 219 1463 1458 3653">
    <p class='ocr_par' dir='ltr' id='par_1_6' title="bbox 230 1463 1458 2721">
     <span class='ocr_line' id='line_1_8' title="bbox 301 1463 1377 1531; baseline -0.002 -12"><span class='ocrx_word' id='word_1_40' title='bbox 301 1471 326 1520; x_wconf 85' lang='lat'>6.</span> <span class='ocrx_word' id='word_1_41' title='bbox 343 1469 425 1521; x_wconf 86' lang='lat' dir='ltr'>Dion.</span> <span class='ocrx_word' id='word_1_42' title='bbox 434 1466 500 1519; x_wconf 68' lang='lat' dir='ltr'>Hal.</span> <span class='ocrx_word' id='word_1_43' title='bbox 510 1467 550 1518; x_wconf 99' lang='lat' dir='ltr'>XI</span> <span class='ocrx_word' id='word_1_44' title='bbox 559 1469 592 1519; x_wconf 81' lang='lat'>30</span> <span class='ocrx_word' id='word_1_45' title='bbox 604 1464 689 1518; x_wconf 83' lang='grc' dir='ltr'>οὐδὲν</span> <span class='ocrx_word' id='word_1_46' title='bbox 699 1463 787 1518; x_wconf 77' lang='grc' dir='ltr'>ἀξιῶν</span> <span class='ocrx_word' id='word_1_47' title='bbox 799 1464 867 1518; x_wconf 83' lang='grc' dir='ltr'>οὔτε</span> <span class='ocrx_word' id='word_1_48' title='bbox 880 1463 971 1519; x_wconf 75' lang='grc' dir='ltr'>ξένιον</span> <span class='ocrx_word' id='word_1_49' title='bbox 984 1465 1051 1519; x_wconf 88' lang='grc' dir='ltr'>οὔτε</span> <span class='ocrx_word' id='word_1_50' title='bbox 1063 1465 1080 1519; x_wconf 86' lang='grc' dir='ltr'><strong>δ</strong></span> <span class='ocrx_word' id='word_1_51' title='bbox 1093 1466 1130 1531; x_wconf 88' lang='grc' dir='ltr'>μή</span> <span class='ocrx_word' id='word_1_52' title='bbox 1141 1470 1201 1518; x_wconf 77' lang='lat' dir='ltr'>&#39;cole</span> <span class='ocrx_word' id='word_1_53' title='bbox 1214 1464 1308 1519; x_wconf 74' lang='grc' dir='ltr'>ἄλλοι(</span> <span class='ocrx_word' id='word_1_54' title='bbox 1319 1465 1377 1519; x_wconf 78' lang='grc' dir='ltr'>ἐπι-</span> 
     </span>
     <span class='ocr_line' id='line_1_9' title="bbox 232 1548 1377 1617; baseline -0.004 -9"><span class='ocrx_word' id='word_1_55' title='bbox 232 1554 338 1608; x_wconf 72' lang='lat' dir='ltr'>ultorio</span> <span class='ocrx_word' id='word_1_56' title='bbox 350 1548 495 1615; x_wconf 69' lang='grc' dir='ltr'>Ῥωμαίοις</span> <span class='ocrx_word' id='word_1_57' title='bbox 506 1548 623 1615; x_wconf 78' lang='grc' dir='ltr'>δίκαιον,</span> <span class='ocrx_word' id='word_1_58' title='bbox 635 1548 660 1602; x_wconf 82' lang='grc' dir='ltr'>εἰ</span> <span class='ocrx_word' id='word_1_59' title='bbox 672 1549 718 1601; x_wconf 81' lang='grc' dir='ltr'>καί</span> <span class='ocrx_word' id='word_1_60' title='bbox 730 1550 768 1614; x_wconf 80' lang='grc' dir='ltr'>μὴ</span> <span class='ocrx_word' id='word_1_61' title='bbox 780 1553 863 1603; x_wconf 81' lang='grc' dir='ltr'>πᾶτιν</span> <span class='ocrx_word' id='word_1_62' title='bbox 873 1548 1044 1617; x_wconf 72' lang='grc' dir='ltr'>ἀνθρώποις,</span> <span class='ocrx_word' id='word_1_63' title='bbox 1055 1549 1185 1615; x_wconf 81' lang='grc' dir='ltr'>τώματοτ</span> <span class='ocrx_word' id='word_1_64' title='bbox 1195 1548 1234 1603; x_wconf 77' lang='grc' dir='ltr'>εἰ(</span> <span class='ocrx_word' id='word_1_65' title='bbox 1247 1548 1377 1604; x_wconf 77' lang='grc' dir='ltr'>δουλείαν</span> 
     </span>
     <span class='ocr_line' id='line_1_10' title="bbox 233 1632 1377 1703; baseline -0.004 -10"><span class='ocrx_word' id='word_1_66' title='bbox 233 1640 262 1693; x_wconf 81' lang='grc' dir='ltr'>ἐξ</span> <span class='ocrx_word' id='word_1_67' title='bbox 279 1634 438 1703; x_wconf 82' lang='grc' dir='ltr'>ἐλευθερ1α(</span> <span class='ocrx_word' id='word_1_68' title='bbox 460 1634 599 1700; x_wconf 78' lang='grc' dir='ltr'>ἀγομένου</span> <span class='ocrx_word' id='word_1_69' title='bbox 623 1636 660 1699; x_wconf 81' lang='grc' dir='ltr'>μὴ</span> <span class='ocrx_word' id='word_1_70' title='bbox 679 1634 732 1686; x_wconf 87' lang='grc' dir='ltr'>τὸν</span> <span class='ocrx_word' id='word_1_71' title='bbox 753 1634 965 1700; x_wconf 86' lang='grc' dir='ltr'>ἀφαιρούμενον</span> <span class='ocrx_word' id='word_1_72' title='bbox 982 1636 1036 1701; x_wconf 86' lang='grc' dir='ltr'>τὴν</span> <span class='ocrx_word' id='word_1_73' title='bbox 1057 1632 1217 1701; x_wconf 77' lang='grc' dir='ltr'>ἐλευθερίαν</span> <span class='ocrx_word' id='word_1_74' title='bbox 1235 1634 1307 1689; x_wconf 79' lang='grc' dir='ltr'>ἀλλὰ</span> <span class='ocrx_word' id='word_1_75' title='bbox 1324 1637 1377 1689; x_wconf 86' lang='grc' dir='ltr'>τὸν</span> 
     </span>
     <span class='ocr_line' id='line_1_11' title="bbox 232 1716 1458 1791; baseline -0.002 -15"><span class='ocrx_word' id='word_1_76' title='bbox 232 1723 416 1791; x_wconf 79' lang='grc' dir='ltr'>φυλάττοντα</span> <span class='ocrx_word' id='word_1_77' title='bbox 433 1718 531 1785; x_wconf 80' lang='grc' dir='ltr'>κύριον</span> <span class='ocrx_word' id='word_1_78' title='bbox 549 1718 622 1771; x_wconf 74' lang='grc' dir='ltr'>εἶναι</span> <span class='ocrx_word' id='word_1_79' title='bbox 640 1718 718 1784; x_wconf 86' lang='grc' dir='ltr'>μέχρι</span> <span class='ocrx_word' id='word_1_80' title='bbox 734 1716 819 1784; x_wconf 72' lang='lat' dir='ltr'>bisne.</span> <span class='ocrx_word' id='word_1_81' title='bbox 849 1718 905 1785; x_wconf 81' lang='grc' dir='ltr'>ἔφη</span> <span class='ocrx_word' id='word_1_82' title='bbox 923 1734 954 1773; x_wconf 88' lang='grc' dir='ltr'>τε</span> <span class='ocrx_word' id='word_1_83' title='bbox 966 1719 1016 1773; x_wconf 88' lang='grc' dir='ltr'>-διὸ</span> <span class='ocrx_word' id='word_1_84' title='bbox 1034 1720 1142 1773; x_wconf 78' lang='grc' dir='ltr'>πολλὰ(</span> <span class='ocrx_word' id='word_1_85' title='bbox 1161 1718 1252 1773; x_wconf 73' lang='grc' dir='ltr'>αἰτία(</span> <span class='ocrx_word' id='word_1_86' title='bbox 1270 1720 1374 1787; x_wconf 80' lang='grc' dir='ltr'>προεὴ-</span> <span class='ocrx_word' id='word_1_87' title='bbox 1406 1734 1407 1739; x_wconf 71' lang='grc'>’</span> <span class='ocrx_word' id='word_1_88' title='bbox 1455 1717 1458 1723; x_wconf 82' lang='grc'>’</span> 
     </span>
     <span class='ocr_line' id='line_1_12' title="bbox 232 1801 1376 1872; baseline -0.003 -11"><span class='ocrx_word' id='word_1_89' title='bbox 232 1824 291 1861; x_wconf 87' lang='grc' dir='ltr'>κειν</span> <span class='ocrx_word' id='word_1_90' title='bbox 307 1811 351 1872; x_wconf 78' lang='grc' dir='ltr'>τῷ</span> <span class='ocrx_word' id='word_1_91' title='bbox 371 1802 482 1871; x_wconf 71' lang='lat' dir='ltr'>‘Atinius</span> <span class='ocrx_word' id='word_1_92' title='bbox 500 1803 655 1869; x_wconf 84' lang='grc' dir='ltr'>φυλάττειν</span> <span class='ocrx_word' id='word_1_93' title='bbox 672 1806 761 1856; x_wconf 73' lang='grc' dir='ltr'>τοῦτο</span> <span class='ocrx_word' id='word_1_94' title='bbox 783 1802 819 1855; x_wconf 84' lang='grc' dir='ltr'>τὸ</span> <span class='ocrx_word' id='word_1_95' title='bbox 836 1801 955 1857; x_wconf 84' lang='grc' dir='ltr'>δίκαιον·</span> <span class='ocrx_word' id='word_1_96' title='bbox 979 1807 1097 1870; x_wconf 79' lang='grc' dir='ltr'>πρῶτον</span> <span class='ocrx_word' id='word_1_97' title='bbox 1120 1805 1171 1869; x_wconf 85' lang='grc' dir='ltr'>μὲν</span> <span class='ocrx_word' id='word_1_98' title='bbox 1193 1806 1238 1859; x_wconf 86' lang='grc' dir='ltr'>δτι</span> <span class='ocrx_word' id='word_1_99' title='bbox 1254 1804 1307 1857; x_wconf 83' lang='grc' dir='ltr'>τὸν</span> <span class='ocrx_word' id='word_1_100' title='bbox 1330 1806 1376 1858; x_wconf 88' lang='grc' dir='ltr'>νό-</span> 
     </span>
     <span class='ocr_line' id='line_1_13' title="bbox 231 1886 1375 1959; baseline -0.005 -13"><span class='ocrx_word' id='word_1_101' title='bbox 231 1908 286 1959; x_wconf 86' lang='grc' dir='ltr'>μον</span> <span class='ocrx_word' id='word_1_102' title='bbox 302 1894 408 1945; x_wconf 84' lang='grc' dir='ltr'>τοῦτον</span> <span class='ocrx_word' id='word_1_103' title='bbox 420 1889 477 1955; x_wconf 77' lang='grc' dir='ltr'>ἅμα</span> <span class='ocrx_word' id='word_1_104' title='bbox 488 1894 548 1941; x_wconf 74' lang='grc' dir='ltr'>τοι(</span> <span class='ocrx_word' id='word_1_105' title='bbox 565 1887 660 1941; x_wconf 79' lang='grc' dir='ltr'>ἄλλοι(</span> <span class='ocrx_word' id='word_1_106' title='bbox 678 1887 709 1941; x_wconf 79' lang='grc' dir='ltr'>ἐν</span> <span class='ocrx_word' id='word_1_107' title='bbox 726 1891 789 1943; x_wconf 75' lang='lat' dir='ltr'>rol&lt;</span> <span class='ocrx_word' id='word_1_108' title='bbox 800 1886 911 1941; x_wconf 84' lang='grc' dir='ltr'>δώδεκα</span> <span class='ocrx_word' id='word_1_109' title='bbox 923 1888 1030 1942; x_wconf 80' lang='grc' dir='ltr'>δέλτοι(</span> <span class='ocrx_word' id='word_1_110' title='bbox 1042 1888 1203 1955; x_wconf 82' lang='grc' dir='ltr'>ἀνέγραψεν</span> <span class='ocrx_word' id='word_1_111' title='bbox 1216 1890 1276 1941; x_wconf 87' lang='grc' dir='ltr'>κτλ.</span> <span class='ocrx_word' id='word_1_112' title='bbox 1297 1891 1375 1941; x_wconf 86' lang='lat' dir='ltr'>Pom-</span> 
     </span>
     <span class='ocr_line' id='line_1_14' title="bbox 230 1972 1376 2044; baseline -0.003 -15"><span class='ocrx_word' id='word_1_113' title='bbox 230 1978 324 2044; x_wconf 83' lang='lat' dir='ltr'>pomi.</span> <span class='ocrx_word' id='word_1_114' title='bbox 338 1974 440 2043; x_wconf 81' lang='lat' dir='ltr'>singul.</span> <span class='ocrx_word' id='word_1_115' title='bbox 459 1972 607 2027; x_wconf 76' lang='lat' dir='ltr'>enchiridii</span> <span class='ocrx_word' id='word_1_116' title='bbox 623 1975 658 2024; x_wconf 93' lang='lat' dir='ltr'>D.</span> <span class='ocrx_word' id='word_1_117' title='bbox 673 1979 696 2037; x_wconf 90' lang='lat'>1,</span> <span class='ocrx_word' id='word_1_118' title='bbox 715 1977 741 2038; x_wconf 85' lang='grc'>2,</span> <span class='ocrx_word' id='word_1_119' title='bbox 759 1976 775 2025; x_wconf 89' lang='grc'><strong>2</strong></span> <span class='ocrx_word' id='word_1_120' title='bbox 793 1974 855 2037; x_wconf 65' lang='lat'>§24</span> <span class='ocrx_word' id='word_1_121' title='bbox 873 1976 997 2027; x_wconf 86' lang='lat' dir='ltr'>‘Initium</span> <span class='ocrx_word' id='word_1_122' title='bbox 1016 1974 1103 2027; x_wconf 77' lang='lat' dir='ltr'>fuisso</span> <span class='ocrx_word' id='word_1_123' title='bbox 1120 1976 1288 2027; x_wconf 76' lang='lat' dir='ltr'>secessionis</span> <span class='ocrx_word' id='word_1_124' title='bbox 1307 1975 1376 2027; x_wconf 89' lang='lat' dir='ltr'>dici-</span> 
     </span>
     <span class='ocr_line' id='line_1_15' title="bbox 230 2057 1372 2128; baseline -0.004 -13"><span class='ocrx_word' id='word_1_125' title='bbox 230 2069 275 2115; x_wconf 89' lang='lat' dir='ltr'>tur</span> <span class='ocrx_word' id='word_1_126' title='bbox 292 2062 431 2128; x_wconf 71' lang='lat' dir='ltr'>Virginius</span> <span class='ocrx_word' id='word_1_127' title='bbox 449 2057 574 2125; x_wconf 82' lang='lat' dir='ltr'>quidum,</span> <span class='ocrx_word' id='word_1_128' title='bbox 593 2060 640 2125; x_wconf 90' lang='lat' dir='ltr'>qui</span> <span class='ocrx_word' id='word_1_129' title='bbox 659 2074 720 2110; x_wconf 92' lang='lat' dir='ltr'>cum</span> <span class='ocrx_word' id='word_1_130' title='bbox 739 2059 994 2123; x_wconf 74' lang='lat' dir='ltr'>animaduertisset,</span> <span class='ocrx_word' id='word_1_131' title='bbox 1013 2059 1131 2127; x_wconf 79' lang='lat' dir='ltr'>Appium</span> <span class='ocrx_word' id='word_1_132' title='bbox 1144 2060 1289 2111; x_wconf 78' lang='lat' dir='ltr'>Claudium</span> <span class='ocrx_word' id='word_1_133' title='bbox 1309 2076 1372 2111; x_wconf 91' lang='lat' dir='ltr'>ccu-</span> 
     </span>
     <span class='ocr_line' id='line_1_16' title="bbox 230 2144 1375 2213; baseline -0.004 -14"><span class='ocrx_word' id='word_1_134' title='bbox 230 2153 275 2199; x_wconf 78' lang='lat' dir='ltr'>tru</span> <span class='ocrx_word' id='word_1_135' title='bbox 292 2148 336 2199; x_wconf 85' lang='lat' dir='ltr'>ius</span> <span class='ocrx_word' id='word_1_136' title='bbox 353 2146 425 2213; x_wconf 87' lang='lat' dir='ltr'>quod</span> <span class='ocrx_word' id='word_1_137' title='bbox 442 2147 502 2211; x_wconf 83' lang='lat' dir='ltr'>ipsc</span> <span class='ocrx_word' id='word_1_138' title='bbox 521 2159 555 2195; x_wconf 86' lang='lat' dir='ltr'>cx</span> <span class='ocrx_word' id='word_1_139' title='bbox 572 2146 668 2195; x_wconf 81' lang='lat' dir='ltr'>uetere</span> <span class='ocrx_word' id='word_1_140' title='bbox 686 2146 747 2196; x_wconf 82' lang='lat' dir='ltr'>iuro</span> <span class='ocrx_word' id='word_1_141' title='bbox 765 2146 795 2195; x_wconf 89' lang='lat' dir='ltr'>iu</span> <span class='ocrx_word' id='word_1_142' title='bbox 811 2144 957 2195; x_wconf 82' lang='lat' dir='ltr'>duodecim</span> <span class='ocrx_word' id='word_1_143' title='bbox 976 2144 1088 2197; x_wconf 79' lang='lat' dir='ltr'>tabulas</span> <span class='ocrx_word' id='word_1_144' title='bbox 1110 2145 1294 2196; x_wconf 71' lang='lat' dir='ltr'><strong>transtulerat</strong></span> <span class='ocrx_word' id='word_1_145' title='bbox 1315 2146 1375 2195; x_wconf 87' lang='lat' dir='ltr'>uin-</span> 
     </span>
     <span class='ocr_line' id='line_1_17' title="bbox 231 2228 1398 2294; baseline -0.003 -10"><span class='ocrx_word' id='word_1_146' title='bbox 231 2232 320 2284; x_wconf 76' lang='lat' dir='ltr'>diciiis</span> <span class='ocrx_word' id='word_1_147' title='bbox 338 2232 414 2282; x_wconf 82' lang='lat' dir='ltr'>illinc</span> <span class='ocrx_word' id='word_1_148' title='bbox 432 2245 500 2281; x_wconf 66' lang='lat' dir='ltr'>susc</span> <span class='ocrx_word' id='word_1_149' title='bbox 519 2246 536 2280; x_wconf 85' lang='lat' dir='ltr'>u</span> <span class='ocrx_word' id='word_1_150' title='bbox 552 2244 581 2280; x_wconf 84' lang='lat' dir='ltr'>sc</span> <span class='ocrx_word' id='word_1_151' title='bbox 600 2229 739 2280; x_wconf 71' lang='lat' dir='ltr'>abdiximc</span> <span class='ocrx_word' id='word_1_152' title='bbox 758 2234 786 2279; x_wconf 85' lang='lat' dir='ltr'>ct</span> <span class='ocrx_word' id='word_1_153' title='bbox 803 2228 953 2281; x_wconf 83' lang='lat' dir='ltr'>secundum</span> <span class='ocrx_word' id='word_1_154' title='bbox 973 2245 1034 2280; x_wconf 85' lang='lat' dir='ltr'>cum</span> <span class='ocrx_word' id='word_1_155' title='bbox 1053 2230 1101 2294; x_wconf 91' lang='lat' dir='ltr'>qui</span> <span class='ocrx_word' id='word_1_156' title='bbox 1119 2230 1148 2280; x_wconf 89' lang='lat' dir='ltr'>in</span> <span class='ocrx_word' id='word_1_157' title='bbox 1161 2230 1323 2281; x_wconf 78' lang='lat' dir='ltr'>seruitutem</span> <span class='ocrx_word' id='word_1_158' title='bbox 1338 2230 1373 2280; x_wconf 78' lang='lat' dir='ltr'>sb</span> <span class='ocrx_word' id='word_1_159' title='bbox 1395 2228 1398 2235; x_wconf 79' lang='grc'>’</span> 
     </span>
     <span class='ocr_line' id='line_1_18' title="bbox 231 2313 1376 2382; baseline -0.004 -13"><span class='ocrx_word' id='word_1_160' title='bbox 231 2334 265 2369; x_wconf 86' lang='grc' dir='ltr'>οο</span> <span class='ocrx_word' id='word_1_161' title='bbox 282 2317 442 2382; x_wconf 82' lang='lat' dir='ltr'>suppositus</span> <span class='ocrx_word' id='word_1_162' title='bbox 459 2316 595 2381; x_wconf 67' lang='lat' dir='ltr'>petierat,</span> <span class='ocrx_word' id='word_1_163' title='bbox 614 2313 733 2365; x_wconf 84' lang='lat' dir='ltr'>dixisso’</span> <span class='ocrx_word' id='word_1_164' title='bbox 752 2331 775 2365; x_wconf 85' lang='lat' dir='ltr'>e.</span> <span class='ocrx_word' id='word_1_165' title='bbox 787 2331 813 2379; x_wconf 92' lang='lat' dir='ltr'>q.</span> <span class='ocrx_word' id='word_1_166' title='bbox 826 2330 849 2365; x_wconf 86' lang='lat' dir='ltr'>s.</span> <span class='ocrx_word' id='word_1_167' title='bbox 880 2314 979 2364; x_wconf 85' lang='lat' dir='ltr'>Liuius</span> <span class='ocrx_word' id='word_1_168' title='bbox 997 2314 1102 2376; x_wconf 80' lang='grc'><strong>11156,</strong></span> <span class='ocrx_word' id='word_1_169' title='bbox 1122 2316 1138 2364; x_wconf 88' lang='grc'><strong>4</strong></span> <span class='ocrx_word' id='word_1_170' title='bbox 1156 2314 1250 2365; x_wconf 74' lang='lat' dir='ltr'>‘unius</span> <span class='ocrx_word' id='word_1_171' title='bbox 1268 2317 1376 2365; x_wconf 82' lang='lat' dir='ltr'>tuntum</span> 
     </span>
     <span class='ocr_line' id='line_1_19' title="bbox 231 2397 1375 2465; baseline -0.003 -12"><span class='ocrx_word' id='word_1_172' title='bbox 231 2402 368 2465; x_wconf 85' lang='lat' dir='ltr'>criminis,</span> <span class='ocrx_word' id='word_1_173' title='bbox 387 2401 443 2451; x_wconf 89' lang='lat' dir='ltr'>uisi</span> <span class='ocrx_word' id='word_1_174' title='bbox 465 2398 586 2450; x_wconf 81' lang='lat' dir='ltr'>iudicem</span> <span class='ocrx_word' id='word_1_175' title='bbox 604 2398 681 2449; x_wconf 84' lang='lat' dir='ltr'>dicos</span> <span class='ocrx_word' id='word_1_176' title='bbox 699 2403 728 2449; x_wconf 86' lang='lat' dir='ltr'>tc</span> <span class='ocrx_word' id='word_1_177' title='bbox 747 2400 782 2450; x_wconf 85' lang='lat' dir='ltr'>ub</span> <span class='ocrx_word' id='word_1_178' title='bbox 801 2398 934 2449; x_wconf 75' lang='lat' dir='ltr'>libertato</span> <span class='ocrx_word' id='word_1_179' title='bbox 952 2401 981 2450; x_wconf 88' lang='lat' dir='ltr'>in</span> <span class='ocrx_word' id='word_1_180' title='bbox 1000 2400 1164 2451; x_wconf 75' lang='lat' dir='ltr'>ocritituter&#39;n</span> <span class='ocrx_word' id='word_1_181' title='bbox 1183 2403 1280 2450; x_wconf 78' lang='lat' dir='ltr'>contra</span> <span class='ocrx_word' id='word_1_182' title='bbox 1297 2397 1375 2463; x_wconf 77' lang='lat' dir='ltr'>leges</span> 
     </span>
     <span class='ocr_line' id='line_1_20' title="bbox 230 2482 1374 2550; baseline -0.001 -13"><span class='ocrx_word' id='word_1_183' title='bbox 230 2486 367 2538; x_wconf 76' lang='lat' dir='ltr'>uindicias</span> <span class='ocrx_word' id='word_1_184' title='bbox 384 2484 581 2546; x_wconf 77' lang='lat' dir='ltr'>uon-dedisse,</span> <span class='ocrx_word' id='word_1_185' title='bbox 600 2482 665 2534; x_wconf 91' lang='lat' dir='ltr'>duci</span> <span class='ocrx_word' id='word_1_186' title='bbox 683 2487 711 2534; x_wconf 88' lang='lat' dir='ltr'>te</span> <span class='ocrx_word' id='word_1_187' title='bbox 731 2483 851 2538; x_wconf 64' lang='lat' dir='ltr'>iubebo!</span> <span class='ocrx_word' id='word_1_188' title='bbox 888 2484 924 2533; x_wconf 86' lang='lat' dir='ltr'>cl.</span> <span class='ocrx_word' id='word_1_189' title='bbox 944 2484 991 2547; x_wconf 82' lang='grc'>57,</span> <span class='ocrx_word' id='word_1_190' title='bbox 1010 2486 1035 2535; x_wconf 87' lang='lat'>5.</span> <span class='ocrx_word' id='word_1_191' title='bbox 1064 2484 1113 2549; x_wconf 86' lang='grc'>44,</span> <span class='ocrx_word' id='word_1_192' title='bbox 1131 2487 1155 2536; x_wconf 87' lang='lat' dir='ltr'>b.</span> <span class='ocrx_word' id='word_1_193' title='bbox 1186 2482 1245 2534; x_wconf 82' lang='lat' dir='ltr'>cic.</span> <span class='ocrx_word' id='word_1_194' title='bbox 1264 2484 1298 2535; x_wconf 88' lang='lat' dir='ltr'>do</span> <span class='ocrx_word' id='word_1_195' title='bbox 1317 2499 1374 2550; x_wconf 83' lang='lat' dir='ltr'>rep.</span> 
     </span>
     <span class='ocr_line' id='line_1_21' title="bbox 231 2568 1375 2635; baseline -0.003 -11"><span class='ocrx_word' id='word_1_196' title='bbox 231 2572 324 2624; x_wconf 77' lang='lat'><strong>11132</strong></span> <span class='ocrx_word' id='word_1_197' title='bbox 342 2572 383 2621; x_wconf 81' lang='grc'>44.</span> <span class='ocrx_word' id='word_1_198' title='bbox 410 2570 510 2621; x_wconf 81' lang='lat' dir='ltr'>Festus</span> <span class='ocrx_word' id='word_1_199' title='bbox 530 2585 555 2635; x_wconf 91' lang='lat' dir='ltr'>p.</span> <span class='ocrx_word' id='word_1_200' title='bbox 574 2570 624 2621; x_wconf 89' lang='grc'>376</span> <span class='ocrx_word' id='word_1_201' title='bbox 637 2570 674 2621; x_wconf 85' lang='grc' dir='ltr'>Μ.</span> <span class='ocrx_word' id='word_1_202' title='bbox 693 2568 842 2622; x_wconf 79' lang='lat' dir='ltr'>uindiciae.</span> <span class='ocrx_word' id='word_1_203' title='bbox 870 2568 985 2620; x_wconf 80' lang='lat' dir='ltr'>Zaleuci</span> <span class='ocrx_word' id='word_1_204' title='bbox 1003 2568 1048 2621; x_wconf 84' lang='lat' dir='ltr'>lor</span> <span class='ocrx_word' id='word_1_205' title='bbox 1067 2568 1140 2635; x_wconf 84' lang='lat' dir='ltr'>apud</span> <span class='ocrx_word' id='word_1_206' title='bbox 1158 2568 1303 2635; x_wconf 82' lang='lat' dir='ltr'>Polybium</span> <span class='ocrx_word' id='word_1_207' title='bbox 1321 2570 1375 2621; x_wconf 90' lang='lat' dir='ltr'>XII</span> 
     </span>
     <span class='ocr_line' id='line_1_22' title="bbox 232 2656 320 2721; baseline -0.023 -14"><span class='ocrx_word' id='word_1_208' title='bbox 232 2656 277 2721; x_wconf 88' lang='grc'><strong>16,</strong></span> <span class='ocrx_word' id='word_1_209' title='bbox 295 2658 320 2706; x_wconf 93' lang='grc'><strong>4,</strong></span> 
     </span>
    </p>

    <p class='ocr_par' dir='ltr' id='par_1_7' title="bbox 219 2738 1375 3653">
     <span class='ocr_line' id='line_1_23' title="bbox 298 2738 1375 2805; baseline -0.001 -14"><span class='ocrx_word' id='word_1_210' title='bbox 298 2740 492 2795; x_wconf 78' lang='lat' dir='ltr'>&#39;1-9.Fuotuc</span> <span class='ocrx_word' id='word_1_211' title='bbox 509 2755 535 2804; x_wconf 89' lang='lat' dir='ltr'>p.</span> <span class='ocrx_word' id='word_1_212' title='bbox 549 2740 600 2791; x_wconf 88' lang='grc'><strong>364</strong></span> <span class='ocrx_word' id='word_1_213' title='bbox 610 2738 648 2789; x_wconf 80' lang='grc' dir='ltr'>Μ.</span> <span class='ocrx_word' id='word_1_214' title='bbox 667 2738 796 2804; x_wconf 80' lang='lat' dir='ltr'>‘Tignum</span> <span class='ocrx_word' id='word_1_215' title='bbox 814 2753 870 2789; x_wconf 89' lang='lat' dir='ltr'>non</span> <span class='ocrx_word' id='word_1_216' title='bbox 888 2738 974 2790; x_wconf 81' lang='lat' dir='ltr'>solum</span> <span class='ocrx_word' id='word_1_217' title='bbox 992 2740 1022 2789; x_wconf 87' lang='lat' dir='ltr'>in</span> <span class='ocrx_word' id='word_1_218' title='bbox 1039 2738 1174 2790; x_wconf 78' lang='lat' dir='ltr'>aedificiis</span> <span class='ocrx_word' id='word_1_219' title='bbox 1193 2753 1245 2805; x_wconf 87' lang='lat' dir='ltr'>quo</span> <span class='ocrx_word' id='word_1_220' title='bbox 1261 2742 1375 2791; x_wconf 85' lang='lat' dir='ltr'>utuntur</span> 
     </span>
     <span class='ocr_line' id='line_1_24' title="bbox 219 2822 1375 2894; baseline -0.003 -15"><span class='ocrx_word' id='word_1_221' title='bbox 219 2824 397 2894; x_wconf 70' lang='lat' dir='ltr'>uppellutur,</span> <span class='ocrx_word' id='word_1_222' title='bbox 416 2823 563 2876; x_wconf 80' lang='lat' dir='ltr'>sedetiam</span> <span class='ocrx_word' id='word_1_223' title='bbox 576 2824 605 2873; x_wconf 88' lang='lat' dir='ltr'>in</span> <span class='ocrx_word' id='word_1_224' title='bbox 616 2822 719 2889; x_wconf 74' lang='lat' dir='ltr'>uincit,</span> <span class='ocrx_word' id='word_1_225' title='bbox 737 2828 768 2873; x_wconf 90' lang='lat' dir='ltr'>ut</span> <span class='ocrx_word' id='word_1_226' title='bbox 779 2826 823 2875; x_wconf 82' lang='lat' dir='ltr'>cot</span> <span class='ocrx_word' id='word_1_227' title='bbox 833 2823 863 2873; x_wconf 90' lang='lat' dir='ltr'>in</span> <span class='ocrx_word' id='word_1_228' title='bbox 875 2824 941 2875; x_wconf 83' lang='lat' dir='ltr'>Xll:</span> <span class='ocrx_word' id='word_1_229' title='bbox 961 2824 1116 2891; x_wconf 80' lang='lat' dir='ltr'>‘Tignum</span> <span class='ocrx_word' id='word_1_230' title='bbox 1129 2862 1136 2877; x_wconf 86' lang='lat'>.</span> <span class='ocrx_word' id='word_1_231' title='bbox 1150 2862 1156 2875; x_wconf 93' lang='lat'>.</span> <span class='ocrx_word' id='word_1_232' title='bbox 1171 2863 1178 2877; x_wconf 93' lang='lat'><strong>.</strong></span> <span class='ocrx_word' id='word_1_233' title='bbox 1192 2828 1209 2874; x_wconf 92' lang='lat'>.’</span> <span class='ocrx_word' id='word_1_234' title='bbox 1233 2824 1272 2875; x_wconf 91' lang='lat' dir='ltr'>ld.</span> <span class='ocrx_word' id='word_1_235' title='bbox 1285 2840 1312 2891; x_wconf 90' lang='lat' dir='ltr'>p.</span> <span class='ocrx_word' id='word_1_236' title='bbox 1325 2824 1375 2877; x_wconf 85' lang='grc'><strong>346</strong></span> 
     </span>
     <span class='ocr_line' id='line_1_25' title="bbox 230 2908 1374 2978; baseline -0.003 -16"><span class='ocrx_word' id='word_1_237' title='bbox 230 2910 406 2978; x_wconf 71' lang='lat' dir='ltr'>‘sarpiuntur</span> <span class='ocrx_word' id='word_1_238' title='bbox 428 2911 545 2971; x_wconf 76' lang='lat' dir='ltr'>uineae,</span> <span class='ocrx_word' id='word_1_239' title='bbox 569 2908 598 2958; x_wconf 89' lang='lat' dir='ltr'>id</span> <span class='ocrx_word' id='word_1_240' title='bbox 621 2912 664 2958; x_wconf 86' lang='lat' dir='ltr'>cst</span> <span class='ocrx_word' id='word_1_241' title='bbox 684 2912 830 2974; x_wconf 80' lang='lat' dir='ltr'>putantur,</span> <span class='ocrx_word' id='word_1_242' title='bbox 848 2908 926 2959; x_wconf 91' lang='lat' dir='ltr'>utin</span> <span class='ocrx_word' id='word_1_243' title='bbox 942 2908 1281 2973; x_wconf 75' lang='lat' dir='ltr'>x112‘Quandoquc.</span> <span class='ocrx_word' id='word_1_244' title='bbox 1301 2944 1306 2955; x_wconf 92' lang='lat'><em>.</em></span> <span class='ocrx_word' id='word_1_245' title='bbox 1327 2946 1335 2961; x_wconf 89' lang='lat'><strong><em>.</em></strong></span> <span class='ocrx_word' id='word_1_246' title='bbox 1355 2913 1374 2958; x_wconf 91' lang='lat'>.’</span> 
     </span>
     <span class='ocr_line' id='line_1_26' title="bbox 229 2992 1374 3060; baseline -0.003 -13"><span class='ocrx_word' id='word_1_247' title='bbox 229 2996 334 3047; x_wconf 71' lang='lat' dir='ltr'>Paulus</span> <span class='ocrx_word' id='word_1_248' title='bbox 352 2994 370 3045; x_wconf 91' lang='lat' dir='ltr'>l.</span> <span class='ocrx_word' id='word_1_249' title='bbox 384 2994 434 3044; x_wconf 89' lang='lat' dir='ltr'>XV</span> <span class='ocrx_word' id='word_1_250' title='bbox 446 2994 572 3055; x_wconf 79' lang='lat' dir='ltr'>Quucott.</span> <span class='ocrx_word' id='word_1_251' title='bbox 590 2994 655 3059; x_wconf 74' lang='lat' dir='ltr'>Dip.</span> <span class='ocrx_word' id='word_1_252' title='bbox 673 2994 721 3058; x_wconf 86' lang='grc'><strong>46,</strong></span> <span class='ocrx_word' id='word_1_253' title='bbox 740 2997 770 3058; x_wconf 86' lang='grc'>3,</span> <span class='ocrx_word' id='word_1_254' title='bbox 789 2993 822 3045; x_wconf 87' lang='grc'>98</span> <span class='ocrx_word' id='word_1_255' title='bbox 840 3000 908 3045; x_wconf 78' lang='lat' dir='ltr'>extr.</span> <span class='ocrx_word' id='word_1_256' title='bbox 928 2993 1065 3060; x_wconf 78' lang='lat' dir='ltr'>‘Denique</span> <span class='ocrx_word' id='word_1_257' title='bbox 1083 2992 1129 3046; x_wconf 81' lang='lat' dir='ltr'>lex</span> <span class='ocrx_word' id='word_1_258' title='bbox 1145 2994 1199 3043; x_wconf 86' lang='lat' dir='ltr'>XII</span> <span class='ocrx_word' id='word_1_259' title='bbox 1217 2992 1374 3045; x_wconf 79' lang='lat' dir='ltr'>tabularum</span> 
     </span>
     <span class='ocr_line' id='line_1_27' title="bbox 229 3076 1375 3146; baseline -0.003 -14"><span class='ocrx_word' id='word_1_260' title='bbox 229 3083 336 3146; x_wconf 78' lang='lat' dir='ltr'>tignum</span> <span class='ocrx_word' id='word_1_261' title='bbox 354 3078 470 3131; x_wconf 82' lang='lat' dir='ltr'>aedibus</span> <span class='ocrx_word' id='word_1_262' title='bbox 488 3079 611 3129; x_wconf 88' lang='lat' dir='ltr'>iunctum</span> <span class='ocrx_word' id='word_1_263' title='bbox 634 3078 774 3129; x_wconf 67' lang='lat' dir='ltr'>uindicari</span> <span class='ocrx_word' id='word_1_264' title='bbox 795 3093 878 3145; x_wconf 80' lang='lat' dir='ltr'>posse</span> <span class='ocrx_word' id='word_1_265' title='bbox 903 3076 1024 3144; x_wconf 79' lang='lat' dir='ltr'>sci(ui)t,</span> <span class='ocrx_word' id='word_1_266' title='bbox 1046 3077 1096 3130; x_wconf 85' lang='lat' dir='ltr'>sod</span> <span class='ocrx_word' id='word_1_267' title='bbox 1120 3078 1230 3129; x_wconf 84' lang='lat' dir='ltr'>iuterim</span> <span class='ocrx_word' id='word_1_268' title='bbox 1251 3078 1281 3129; x_wconf 91' lang='lat' dir='ltr'>id</span> <span class='ocrx_word' id='word_1_269' title='bbox 1304 3078 1375 3129; x_wconf 81' lang='lat' dir='ltr'>colui</span> 
     </span>
     <span class='ocr_line' id='line_1_28' title="bbox 229 3162 1373 3234; baseline -0.003 -18"><span class='ocrx_word' id='word_1_270' title='bbox 229 3166 370 3233; x_wconf 86' lang='lat' dir='ltr'>probibuit</span> <span class='ocrx_word' id='word_1_271' title='bbox 386 3163 637 3230; x_wconf 72' lang='lat' dir='ltr'>pretiumquceius</span> <span class='ocrx_word' id='word_1_272' title='bbox 656 3162 717 3213; x_wconf 78' lang='lat' dir='ltr'>dori</span> <span class='ocrx_word' id='word_1_273' title='bbox 733 3163 844 3214; x_wconf 80' lang='lat' dir='ltr'>uoluit’</span> <span class='ocrx_word' id='word_1_274' title='bbox 871 3162 957 3215; x_wconf 82' lang='lat' dir='ltr'>(iuius</span> <span class='ocrx_word' id='word_1_275' title='bbox 976 3164 994 3215; x_wconf 93' lang='lat' dir='ltr'>l.</span> <span class='ocrx_word' id='word_1_276' title='bbox 1013 3164 1041 3215; x_wconf 89' lang='lat'>11</span> <span class='ocrx_word' id='word_1_277' title='bbox 1059 3164 1220 3227; x_wconf 80' lang='lat' dir='ltr'>Quotidicn.</span> <span class='ocrx_word' id='word_1_278' title='bbox 1246 3164 1312 3234; x_wconf 81' lang='lat' dir='ltr'>Dig.</span> <span class='ocrx_word' id='word_1_279' title='bbox 1330 3166 1373 3227; x_wconf 83' lang='lat'>41,</span> 
     </span>
     <span class='ocr_line' id='line_1_29' title="bbox 230 3246 1374 3314; baseline -0.002 -13"><span class='ocrx_word' id='word_1_280' title='bbox 230 3254 258 3310; x_wconf 79' lang='lat'>1,</span> <span class='ocrx_word' id='word_1_281' title='bbox 277 3252 292 3303; x_wconf 91' lang='grc'><strong>7</strong></span> <span class='ocrx_word' id='word_1_282' title='bbox 311 3252 326 3313; x_wconf 73' lang='grc'><strong>5</strong></span> <span class='ocrx_word' id='word_1_283' title='bbox 345 3252 386 3301; x_wconf 89' lang='grc'>16.</span> <span class='ocrx_word' id='word_1_284' title='bbox 405 3248 452 3312; x_wconf 91' lang='lat' dir='ltr'>(id.</span> <span class='ocrx_word' id='word_1_285' title='bbox 469 3250 537 3299; x_wconf 88' lang='lat' dir='ltr'>Inst.</span> <span class='ocrx_word' id='word_1_286' title='bbox 556 3251 582 3311; x_wconf 84' lang='grc'>2,</span> <span class='ocrx_word' id='word_1_287' title='bbox 602 3250 615 3297; x_wconf 93' lang='grc'><strong>1</strong></span> <span class='ocrx_word' id='word_1_288' title='bbox 634 3250 649 3309; x_wconf 67' lang='grc' dir='ltr'><strong>ξ</strong></span> <span class='ocrx_word' id='word_1_289' title='bbox 667 3246 710 3311; x_wconf 83' lang='grc'>29)</span> <span class='ocrx_word' id='word_1_290' title='bbox 731 3247 811 3298; x_wconf 81' lang='lat' dir='ltr'>‘Cum</span> <span class='ocrx_word' id='word_1_291' title='bbox 829 3249 858 3298; x_wconf 89' lang='lat' dir='ltr'>iu</span> <span class='ocrx_word' id='word_1_292' title='bbox 877 3262 926 3299; x_wconf 85' lang='lat' dir='ltr'>suo</span> <span class='ocrx_word' id='word_1_293' title='bbox 945 3248 1004 3300; x_wconf 87' lang='lat' dir='ltr'>solo</span> <span class='ocrx_word' id='word_1_294' title='bbox 1022 3248 1123 3314; x_wconf 80' lang='lat' dir='ltr'>uliquis</span> <span class='ocrx_word' id='word_1_295' title='bbox 1142 3248 1236 3299; x_wconf 77' lang='lat' dir='ltr'>alienu</span> <span class='ocrx_word' id='word_1_296' title='bbox 1255 3248 1374 3299; x_wconf 75' lang='lat' dir='ltr'>matoria</span> 
     </span>
     <span class='ocr_line' id='line_1_30' title="bbox 229 3332 1374 3399; baseline -0.003 -13"><span class='ocrx_word' id='word_1_297' title='bbox 229 3334 429 3396; x_wconf 79' lang='lat' dir='ltr'>codidcoucrit,</span> <span class='ocrx_word' id='word_1_298' title='bbox 447 3334 507 3398; x_wconf 79' lang='lat' dir='ltr'>ipse</span> <span class='ocrx_word' id='word_1_299' title='bbox 525 3332 651 3383; x_wconf 87' lang='lat' dir='ltr'>dominus</span> <span class='ocrx_word' id='word_1_300' title='bbox 669 3332 842 3399; x_wconf 79' lang='lat' dir='ltr'>intellegitur</span> <span class='ocrx_word' id='word_1_301' title='bbox 860 3332 990 3393; x_wconf 68' lang='lat' dir='ltr'>aedilicii,</span> <span class='ocrx_word' id='word_1_302' title='bbox 1009 3335 1074 3397; x_wconf 76' lang='lat' dir='ltr'>quic</span> <span class='ocrx_word' id='word_1_303' title='bbox 1092 3348 1171 3384; x_wconf 78' lang='lat' dir='ltr'>omne</span> <span class='ocrx_word' id='word_1_304' title='bbox 1184 3332 1257 3397; x_wconf 88' lang='lat' dir='ltr'>quod</span> <span class='ocrx_word' id='word_1_305' title='bbox 1269 3334 1374 3384; x_wconf 78' lang='lat' dir='ltr'>incedi-</span> 
     </span>
     <span class='ocr_line' id='line_1_31' title="bbox 228 3416 1374 3483; baseline -0.003 -12"><span class='ocrx_word' id='word_1_306' title='bbox 228 3421 329 3472; x_wconf 86' lang='lat' dir='ltr'>iicctur</span> <span class='ocrx_word' id='word_1_307' title='bbox 346 3418 404 3470; x_wconf 85' lang='lat' dir='ltr'>solo</span> <span class='ocrx_word' id='word_1_308' title='bbox 422 3416 506 3469; x_wconf 81' lang='lat' dir='ltr'>cedit.</span> <span class='ocrx_word' id='word_1_309' title='bbox 529 3419 587 3468; x_wconf 83' lang='lat' dir='ltr'>Nec</span> <span class='ocrx_word' id='word_1_310' title='bbox 606 3422 698 3468; x_wconf 77' lang='lat' dir='ltr'>tumen</span> <span class='ocrx_word' id='word_1_311' title='bbox 715 3417 778 3468; x_wconf 85' lang='lat' dir='ltr'>ideo</span> <span class='ocrx_word' id='word_1_312' title='bbox 797 3419 822 3467; x_wconf 81' lang='lat' dir='ltr'>is</span> <span class='ocrx_word' id='word_1_313' title='bbox 840 3418 888 3483; x_wconf 87' lang='lat' dir='ltr'>qui</span> <span class='ocrx_word' id='word_1_314' title='bbox 905 3417 1039 3468; x_wconf 82' lang='lat' dir='ltr'>mutcriuc</span> <span class='ocrx_word' id='word_1_315' title='bbox 1057 3417 1183 3467; x_wconf 84' lang='lat' dir='ltr'>dominus</span> <span class='ocrx_word' id='word_1_316' title='bbox 1201 3416 1253 3468; x_wconf 81' lang='lat' dir='ltr'>fuit</span> <span class='ocrx_word' id='word_1_317' title='bbox 1271 3419 1374 3469; x_wconf 84' lang='lat' dir='ltr'>desiuit</span> 
     </span>
     <span class='ocr_line' id='line_1_32' title="bbox 230 3501 1373 3567; baseline -0.003 -12"><span class='ocrx_word' id='word_1_318' title='bbox 230 3506 290 3555; x_wconf 81' lang='lat' dir='ltr'>cius</span> <span class='ocrx_word' id='word_1_319' title='bbox 307 3503 432 3554; x_wconf 80' lang='lat' dir='ltr'>dominus</span> <span class='ocrx_word' id='word_1_320' title='bbox 450 3517 519 3565; x_wconf 81' lang='lat' dir='ltr'>esso,</span> <span class='ocrx_word' id='word_1_321' title='bbox 539 3502 587 3552; x_wconf 85' lang='lat' dir='ltr'>sed</span> <span class='ocrx_word' id='word_1_322' title='bbox 610 3504 747 3567; x_wconf 71' lang='lat' dir='ltr'>tantisper</span> <span class='ocrx_word' id='word_1_323' title='bbox 762 3516 852 3565; x_wconf 84' lang='lat' dir='ltr'>nequo</span> <span class='ocrx_word' id='word_1_324' title='bbox 871 3501 1014 3551; x_wconf 75' lang='lat' dir='ltr'>uindicare</span> <span class='ocrx_word' id='word_1_325' title='bbox 1029 3516 1089 3551; x_wconf 82' lang='lat' dir='ltr'>eum</span> <span class='ocrx_word' id='word_1_326' title='bbox 1107 3506 1210 3567; x_wconf 77' lang='lat' dir='ltr'>potest,</span> <span class='ocrx_word' id='word_1_327' title='bbox 1229 3517 1319 3567; x_wconf 82' lang='lat' dir='ltr'>nuque</span> <span class='ocrx_word' id='word_1_328' title='bbox 1338 3501 1373 3551; x_wconf 83' lang='lat' dir='ltr'>ad</span> 
     </span>
     <span class='ocr_line' id='line_1_33' title="bbox 229 3584 1374 3653; baseline -0.002 -14"><span class='ocrx_word' id='word_1_329' title='bbox 229 3588 413 3640; x_wconf 81' lang='lat' dir='ltr'>exhibendum</span> <span class='ocrx_word' id='word_1_330' title='bbox 425 3586 458 3638; x_wconf 87' lang='lat' dir='ltr'>dc</span> <span class='ocrx_word' id='word_1_331' title='bbox 472 3604 506 3638; x_wconf 81' lang='lat' dir='ltr'>cc</span> <span class='ocrx_word' id='word_1_332' title='bbox 519 3584 560 3652; x_wconf 89' lang='lat' dir='ltr'>(rc</span> <span class='ocrx_word' id='word_1_333' title='bbox 573 3588 634 3639; x_wconf 80' lang='lat' dir='ltr'>add.</span> <span class='ocrx_word' id='word_1_334' title='bbox 648 3585 726 3649; x_wconf 77' lang='lat' dir='ltr'>Inui.)</span> <span class='ocrx_word' id='word_1_335' title='bbox 740 3602 834 3653; x_wconf 77' lang='lat' dir='ltr'>cgere,</span> <span class='ocrx_word' id='word_1_336' title='bbox 846 3590 959 3653; x_wconf 85' lang='lat' dir='ltr'>propter</span> <span class='ocrx_word' id='word_1_337' title='bbox 970 3585 1060 3651; x_wconf 78' lang='lat' dir='ltr'>logum</span> <span class='ocrx_word' id='word_1_338' title='bbox 1073 3586 1126 3638; x_wconf 82' lang='lat' dir='ltr'>XII</span> <span class='ocrx_word' id='word_1_339' title='bbox 1139 3586 1303 3651; x_wconf 75' lang='lat' dir='ltr'>tubulorum,</span> <span class='ocrx_word' id='word_1_340' title='bbox 1318 3602 1374 3651; x_wconf 80' lang='lat' dir='ltr'>qua</span> 
     </span>
    </p>
   </div>
   <div class='ocr_carea' id='block_1_4' title="bbox 226 3774 1390 4615">
    <p class='ocr_par' dir='ltr' id='par_1_8' title="bbox 226 3774 1390 4615">
     <span class='ocr_line' id='line_1_34' title="bbox 314 3774 1373 3856; baseline 0 -20"><span class='ocrx_word' id='word_1_341' title='bbox 314 3780 343 3836; x_wconf 83' lang='lat'>7.</span> <span class='ocrx_word' id='word_1_342' title='bbox 366 3774 496 3856; x_wconf 77' lang='lat' dir='ltr'>uiocuuc]</span> <span class='ocrx_word' id='word_1_343' title='bbox 518 3780 653 3853; x_wconf 72' lang='lat' dir='ltr'>uincique</span> <span class='ocrx_word' id='word_1_344' title='bbox 676 3776 858 3835; x_wconf 77' lang='lat' dir='ltr'>Victorianus</span> <span class='ocrx_word' id='word_1_345' title='bbox 883 3779 1005 3836; x_wconf 80' lang='lat' dir='ltr'>minemo</span> <span class='ocrx_word' id='word_1_346' title='bbox 1032 3777 1122 3834; x_wconf 81' lang='lat' dir='ltr'>Volic.</span> <span class='ocrx_word' id='word_1_347' title='bbox 1146 3783 1221 3835; x_wconf 81' lang='grc'><strong>1549</strong></span> <span class='ocrx_word' id='word_1_348' title='bbox 1241 3780 1373 3837; x_wconf 82' lang='lat' dir='ltr'>uineaeue</span> 
     </span>
     <span class='ocr_line' id='line_1_35' title="bbox 229 3862 1372 3939; baseline 0 -18"><span class='ocrx_word' id='word_1_349' title='bbox 229 3864 363 3921; x_wconf 82' lang='lat' dir='ltr'>Cnincius</span> <span class='ocrx_word' id='word_1_350' title='bbox 383 3866 536 3939; x_wconf 84' lang='lat' dir='ltr'>uincucquc</span> <span class='ocrx_word' id='word_1_351' title='bbox 555 3862 686 3936; x_wconf 77' lang='lat' dir='ltr'>Sculiper</span> <span class='ocrx_word' id='word_1_352' title='bbox 705 3864 743 3919; x_wconf 85' lang='lat' dir='ltr'>ul.</span> <span class='ocrx_word' id='word_1_353' title='bbox 762 3864 815 3921; x_wconf 83' lang='lat' dir='ltr'>sed</span> <span class='ocrx_word' id='word_1_354' title='bbox 833 3862 874 3933; x_wconf 83' lang='lat' dir='ltr'>cf.</span> <span class='ocrx_word' id='word_1_355' title='bbox 896 3862 954 3921; x_wconf 81' lang='lat' dir='ltr'>Cic.</span> <span class='ocrx_word' id='word_1_356' title='bbox 976 3864 1011 3920; x_wconf 81' lang='lat' dir='ltr'>cle</span> <span class='ocrx_word' id='word_1_357' title='bbox 1027 3880 1070 3921; x_wconf 89' lang='lat' dir='ltr'>or.</span> <span class='ocrx_word' id='word_1_358' title='bbox 1085 3862 1123 3921; x_wconf 93' lang='lat' dir='ltr'>II</span> <span class='ocrx_word' id='word_1_359' title='bbox 1135 3868 1189 3931; x_wconf 82' lang='grc'>56,</span> <span class='ocrx_word' id='word_1_360' title='bbox 1207 3868 1264 3919; x_wconf 87' lang='grc'>237</span> <span class='ocrx_word' id='word_1_361' title='bbox 1284 3866 1372 3921; x_wconf 84' lang='lat' dir='ltr'>Brut.</span> 
     </span>
     <span class='ocr_line' id='line_1_36' title="bbox 229 3947 1375 4023; baseline -0.001 -16"><span class='ocrx_word' id='word_1_362' title='bbox 229 3954 356 4016; x_wconf 85' lang='grc'><strong>44,162</strong></span> <span class='ocrx_word' id='word_1_363' title='bbox 375 3950 414 4005; x_wconf 83' lang='lat' dir='ltr'>od</span> <span class='ocrx_word' id='word_1_364' title='bbox 427 3950 485 4005; x_wconf 78' lang='lat' dir='ltr'>Au.</span> <span class='ocrx_word' id='word_1_365' title='bbox 500 3948 520 4004; x_wconf 93' lang='lat' dir='ltr'>I</span> <span class='ocrx_word' id='word_1_366' title='bbox 535 3953 582 4020; x_wconf 81' lang='lat'>19,</span> <span class='ocrx_word' id='word_1_367' title='bbox 601 3954 618 4005; x_wconf 82' lang='lat'><strong><em>6</em></strong></span> <span class='ocrx_word' id='word_1_368' title='bbox 640 3948 745 4022; x_wconf 80' lang='lat' dir='ltr'>Verpil.</span> <span class='ocrx_word' id='word_1_369' title='bbox 763 3949 835 4005; x_wconf 80' lang='lat' dir='ltr'>Aen.</span> <span class='ocrx_word' id='word_1_370' title='bbox 855 3947 914 4005; x_wconf 85' lang='lat' dir='ltr'>VII</span> <span class='ocrx_word' id='word_1_371' title='bbox 928 3952 986 4004; x_wconf 87' lang='grc'>724</span> <span class='ocrx_word' id='word_1_372' title='bbox 1002 3950 1040 4005; x_wconf 87' lang='lat' dir='ltr'>ui.</span> <span class='ocrx_word' id='word_1_373' title='bbox 1105 3966 1119 4004; x_wconf 92' lang='grc' dir='ltr'>ο</span> <span class='ocrx_word' id='word_1_374' title='bbox 1140 3950 1253 4023; x_wconf 85' lang='lat' dir='ltr'>concupi</span> <span class='ocrx_word' id='word_1_375' title='bbox 1268 3952 1375 4022; x_wconf 72' lang='lat' dir='ltr'>scripsi</span> 
     </span>
     <span class='ocr_line' id='line_1_37' title="bbox 229 4032 1372 4109; baseline -0.003 -16"><span class='ocrx_word' id='word_1_376' title='bbox 229 4034 406 4094; x_wconf 83' lang='lat' dir='ltr'>O.Mueilero</span> <span class='ocrx_word' id='word_1_377' title='bbox 421 4038 540 4091; x_wconf 81' lang='lat' dir='ltr'>auctore</span> <span class='ocrx_word' id='word_1_378' title='bbox 556 4033 617 4107; x_wconf 86' lang='lat' dir='ltr'>(qui</span> <span class='ocrx_word' id='word_1_379' title='bbox 631 4032 775 4109; x_wconf 75' lang='lat' dir='ltr'>coucupolz</span> <span class='ocrx_word' id='word_1_380' title='bbox 792 4042 820 4090; x_wconf 80' lang='lat' dir='ltr'>ct</span> <span class='ocrx_word' id='word_1_381' title='bbox 835 4034 962 4107; x_wconf 79' lang='lat' dir='ltr'>concapit</span> <span class='ocrx_word' id='word_1_382' title='bbox 976 4034 1042 4089; x_wconf 81' lang='lat' dir='ltr'>libri</span> <span class='ocrx_word' id='word_1_383' title='bbox 1061 4041 1089 4090; x_wconf 84' lang='lat' dir='ltr'>ct</span> <span class='ocrx_word' id='word_1_384' title='bbox 1104 4050 1226 4109; x_wconf 82' lang='lat' dir='ltr'>cooocpu</span> <span class='ocrx_word' id='word_1_385' title='bbox 1241 4034 1298 4091; x_wconf 84' lang='lat' dir='ltr'>Ed.</span> <span class='ocrx_word' id='word_1_386' title='bbox 1313 4035 1372 4090; x_wconf 81' lang='lat' dir='ltr'>Au·</span> 
     </span>
     <span class='ocr_line' id='line_1_38' title="bbox 226 4118 1372 4197; baseline -0.001 -21"><span class='ocrx_word' id='word_1_387' title='bbox 226 4121 334 4194; x_wconf 77' lang='lat' dir='ltr'>puuiini</span> <span class='ocrx_word' id='word_1_388' title='bbox 353 4126 382 4175; x_wconf 86' lang='lat' dir='ltr'>ct</span> <span class='ocrx_word' id='word_1_389' title='bbox 402 4120 515 4193; x_wconf 83' lang='lat' dir='ltr'>concupi</span> <span class='ocrx_word' id='word_1_390' title='bbox 530 4118 695 4176; x_wconf 81' lang='lat' dir='ltr'>Mcinnsius</span> <span class='ocrx_word' id='word_1_391' title='bbox 714 4119 791 4175; x_wconf 86' lang='lat' dir='ltr'>Diss.</span> <span class='ocrx_word' id='word_1_392' title='bbox 806 4123 863 4174; x_wconf 89' lang='lat' dir='ltr'>iur.</span> <span class='ocrx_word' id='word_1_393' title='bbox 880 4122 920 4173; x_wconf 83' lang='grc'><strong>48</strong></span> <span class='ocrx_word' id='word_1_394' title='bbox 934 4136 962 4173; x_wconf 85' lang='lat' dir='ltr'>n.</span> <span class='ocrx_word' id='word_1_395' title='bbox 981 4123 1000 4197; x_wconf 74' lang='grc'><strong>4</strong></span> <span class='ocrx_word' id='word_1_396' title='bbox 1029 4134 1043 4175; x_wconf 90' lang='lat' dir='ltr'>e</span> <span class='ocrx_word' id='word_1_397' title='bbox 1065 4134 1195 4193; x_wconf 77' lang='lat' dir='ltr'>compage</span> <span class='ocrx_word' id='word_1_398' title='bbox 1217 4119 1322 4175; x_wconf 81' lang='lat' dir='ltr'>Rosius</span> <span class='ocrx_word' id='word_1_399' title='bbox 1341 4121 1372 4193; x_wconf 83' lang='lat' dir='ltr'>in</span> 
     </span>
     <span class='ocr_line' id='line_1_39' title="bbox 228 4202 1370 4276; baseline -0.001 -15"><span class='ocrx_word' id='word_1_400' title='bbox 228 4205 284 4261; x_wconf 85' lang='lat' dir='ltr'>Cic.</span> <span class='ocrx_word' id='word_1_401' title='bbox 300 4205 340 4260; x_wconf 83' lang='lat' dir='ltr'>nd</span> <span class='ocrx_word' id='word_1_402' title='bbox 349 4202 408 4260; x_wconf 77' lang='lat' dir='ltr'>Au.</span> <span class='ocrx_word' id='word_1_403' title='bbox 423 4203 444 4259; x_wconf 94' lang='grc' dir='ltr'><strong><em>Ι</em></strong></span> <span class='ocrx_word' id='word_1_404' title='bbox 456 4207 490 4259; x_wconf 83' lang='grc'><strong>19</strong></span> <span class='ocrx_word' id='word_1_405' title='bbox 500 4205 586 4276; x_wconf 85' lang='lat' dir='ltr'>prob.</span> <span class='ocrx_word' id='word_1_406' title='bbox 597 4203 771 4261; x_wconf 82' lang='lat' dir='ltr'>Mommssno</span> <span class='ocrx_word' id='word_1_407' title='bbox 785 4205 816 4259; x_wconf 89' lang='lat' dir='ltr'>in</span> <span class='ocrx_word' id='word_1_408' title='bbox 831 4202 994 4259; x_wconf 57' lang='grc' dir='ltr'>1Ιΐαιιιοοιὶ.</span> <span class='ocrx_word' id='word_1_409' title='bbox 1007 4206 1159 4274; x_wconf 81' lang='lat' dir='ltr'>quaternio</span> <span class='ocrx_word' id='word_1_410' title='bbox 1172 4204 1263 4259; x_wconf 84' lang='lat' dir='ltr'>XVI&#39;</span> <span class='ocrx_word' id='word_1_411' title='bbox 1276 4221 1309 4275; x_wconf 85' lang='lat' dir='ltr'>p.</span> <span class='ocrx_word' id='word_1_412' title='bbox 1324 4208 1370 4260; x_wconf 83' lang='grc'>76.</span> 
     </span>
     <span class='ocr_line' id='line_1_40' title="bbox 227 4286 1371 4365; baseline -0.002 -19"><span class='ocrx_word' id='word_1_413' title='bbox 227 4306 362 4363; x_wconf 83' lang='lat' dir='ltr'>oooccpes</span> <span class='ocrx_word' id='word_1_414' title='bbox 378 4287 509 4365; x_wconf 74' lang='lat' dir='ltr'>Scaiiysr</span> <span class='ocrx_word' id='word_1_415' title='bbox 523 4288 621 4363; x_wconf 83' lang='lat' dir='ltr'>copulo</span> <span class='ocrx_word' id='word_1_416' title='bbox 635 4304 659 4345; x_wconf 91' lang='lat' dir='ltr'>s.</span> <span class='ocrx_word' id='word_1_417' title='bbox 674 4306 735 4346; x_wconf 89' lang='lat' dir='ltr'>cum</span> <span class='ocrx_word' id='word_1_418' title='bbox 750 4289 841 4363; x_wconf 81' lang='lat' dir='ltr'>capilo</span> <span class='ocrx_word' id='word_1_419' title='bbox 856 4286 1006 4343; x_wconf 82' lang='lat' dir='ltr'>Turnebus</span> <span class='ocrx_word' id='word_1_420' title='bbox 1021 4286 1092 4344; x_wconf 78' lang='lat' dir='ltr'>Ado.</span> <span class='ocrx_word' id='word_1_421' title='bbox 1108 4286 1192 4344; x_wconf 84' lang='lat' dir='ltr'>XIII</span> <span class='ocrx_word' id='word_1_422' title='bbox 1205 4291 1242 4343; x_wconf 81' lang='grc'><strong>21</strong></span> <span class='ocrx_word' id='word_1_423' title='bbox 1263 4296 1290 4343; x_wconf 82' lang='lat' dir='ltr'>el</span> <span class='ocrx_word' id='word_1_424' title='bbox 1306 4304 1371 4344; x_wconf 89' lang='grc' dir='ltr'>οου-</span> 
     </span>
     <span class='ocr_line' id='line_1_41' title="bbox 227 4370 1390 4449; baseline -0.003 -18"><span class='ocrx_word' id='word_1_425' title='bbox 227 4376 346 4449; x_wconf 81' lang='lat' dir='ltr'>oapltum</span> <span class='ocrx_word' id='word_1_426' title='bbox 364 4372 497 4431; x_wconf 79' lang='lat' dir='ltr'>Cuincius</span> <span class='ocrx_word' id='word_1_427' title='bbox 515 4372 594 4430; x_wconf 72' lang='lat' dir='ltr'>obss.</span> <span class='ocrx_word' id='word_1_428' title='bbox 612 4372 710 4430; x_wconf 79' lang='lat' dir='ltr'>XXII</span> <span class='ocrx_word' id='word_1_429' title='bbox 725 4377 759 4429; x_wconf 82' lang='grc'><strong>19</strong></span> <span class='ocrx_word' id='word_1_430' title='bbox 780 4374 820 4429; x_wconf 84' lang='lat' dir='ltr'>sci</span> <span class='ocrx_word' id='word_1_431' title='bbox 840 4372 968 4446; x_wconf 81' lang='lat' dir='ltr'>concupit</span> <span class='ocrx_word' id='word_1_432' title='bbox 985 4371 1152 4428; x_wconf 74' lang='lat' dir='ltr'>Huscdkius</span> <span class='ocrx_word' id='word_1_433' title='bbox 1174 4370 1275 4429; x_wconf 80' lang='lat' dir='ltr'>Comm.</span> <span class='ocrx_word' id='word_1_434' title='bbox 1295 4374 1334 4429; x_wconf 85' lang='lat' dir='ltr'>ad</span> <span class='ocrx_word' id='word_1_435' title='bbox 1350 4375 1369 4429; x_wconf 89' lang='lat' dir='ltr'>l.</span> <span class='ocrx_word' id='word_1_436' title='bbox 1388 4382 1390 4385; x_wconf 79' lang='grc'>’</span> 
     </span>
     <span class='ocr_line' id='line_1_42' title="bbox 226 4456 1372 4532; baseline -0.003 -16"><span class='ocrx_word' id='word_1_437' title='bbox 226 4458 293 4516; x_wconf 82' lang='lat' dir='ltr'>XII</span> <span class='ocrx_word' id='word_1_438' title='bbox 308 4459 365 4516; x_wconf 86' lang='lat' dir='ltr'>tub.</span> <span class='ocrx_word' id='word_1_439' title='bbox 387 4460 422 4515; x_wconf 83' lang='lat' dir='ltr'>de</span> <span class='ocrx_word' id='word_1_440' title='bbox 442 4463 518 4531; x_wconf 77' lang='lat' dir='ltr'>tipno</span> <span class='ocrx_word' id='word_1_441' title='bbox 539 4460 635 4514; x_wconf 81' lang='lat' dir='ltr'>iuncto</span> <span class='ocrx_word' id='word_1_442' title='bbox 649 4477 683 4532; x_wconf 92' lang='lat' dir='ltr'>p.</span> <span class='ocrx_word' id='word_1_443' title='bbox 701 4463 720 4514; x_wconf 83' lang='grc'><strong>4</strong></span> <span class='ocrx_word' id='word_1_444' title='bbox 748 4460 788 4514; x_wconf 84' lang='lat' dir='ltr'>sei</span> <span class='ocrx_word' id='word_1_445' title='bbox 809 4456 922 4512; x_wconf 86' lang='lat' dir='ltr'>uiudicit</span> <span class='ocrx_word' id='word_1_446' title='bbox 942 4456 1172 4525; x_wconf 69' lang='lat' dir='ltr'>Hnimbacnius)</span> <span class='ocrx_word' id='word_1_447' title='bbox 1194 4460 1224 4512; x_wconf 92' lang='lat' dir='ltr'>in</span> <span class='ocrx_word' id='word_1_448' title='bbox 1240 4456 1372 4514; x_wconf 79' lang='lat' dir='ltr'>Richisri</span> 
     </span>
     <span class='ocr_line' id='line_1_43' title="bbox 226 4544 592 4615; baseline -0.003 -16"><span class='ocrx_word' id='word_1_449' title='bbox 226 4544 300 4612; x_wconf 79' lang='lat' dir='ltr'>Ann.</span> <span class='ocrx_word' id='word_1_450' title='bbox 316 4547 373 4600; x_wconf 86' lang='lat' dir='ltr'>iur.</span> <span class='ocrx_word' id='word_1_451' title='bbox 391 4547 465 4599; x_wconf 76' lang='grc'><strong>1836</strong></span> <span class='ocrx_word' id='word_1_452' title='bbox 477 4560 509 4615; x_wconf 83' lang='lat' dir='ltr'>p.</span> <span class='ocrx_word' id='word_1_453' title='bbox 525 4546 592 4599; x_wconf 81' lang='lat'><strong><em>395.</em></strong></span> 
     </span>
    </p>
   </div>
   <div class='ocr_carea' id='block_1_5' title="bbox 0 0 1710 5409">
    <p class='ocr_par' dir='ltr' id='par_1_9' title="bbox 0 0 1710 5409">
     <span class='ocr_line' id='line_1_44' title="bbox 0 0 1710 5409; baseline 0 1"><span class='ocrx_word' id='word_1_454' title='bbox 0 0 1710 5409; x_wconf 95' lang='lat' dir='ltr'> </span> 
     </span>
    </p>
   </div>
  </div>
 </body>
</html>
