3409 5409
331 570 378 618 ns
401 570 453 618 xu
475 568 689 618 rsnmnnvu
710 569 888 630 asnrovns
912 569 1199 619 cousmrvsums.
1296 552 1336 618 97

192 732 320 811 repetat
333 724 473 812 perfecti
493 724 561 789 vim
582 723 618 788 in
632 722 704 810 lege
724 746 745 789 a
765 725 988 811 grammaticis
1009 726 1120 792 futuro
1145 735 1262 793 exacto
1282 748 1337 791 ex·

191 828 300 915 primi,
315 826 452 892 nimium
468 826 602 913 probat:
619 826 717 893 immo
733 828 865 894 inverso
881 826 997 895 ordine
1012 828 1167 912 dicemus,
1183 828 1338 916 quoniam

192 931 227 993 in
242 930 356 1015 glossa
376 929 524 994 futurum
544 940 746 1018 apponatur,
769 930 855 996 idem
878 952 920 995 ex
940 930 1092 997 lemmate
1112 932 1244 999 turbato
1266 954 1338 997 esse

192 1030 384 1097 eruendum.
407 1030 478 1097 Nec
493 1031 641 1118 profecto
654 1032 790 1099 fortuito
811 1055 827 1096 s
848 1030 960 1099 littera
974 1022 1137 1099 adhaesit:
1160 1054 1258 1121 quam
1280 1055 1340 1097 sua

192 1134 301 1221 potius
323 1132 403 1199 sede
422 1142 544 1200 motam
565 1156 604 1199 ac
624 1133 765 1200 fortasse
786 1156 887 1221 supra
906 1156 1038 1201 vorsum
1059 1132 1207 1200 additam
1228 1156 1339 1201 errore

117 1264 121 1271 ·
192 1235 320 1301 librarii
349 1246 426 1324 post
453 1252 489 1299 rs
517 1258 559 1301 ex
584 1254 623 1301 ru
650 1234 836 1303 mutilatum
867 1238 1025 1304 insertam
1054 1259 1126 1317 esse
1152 1236 1341 1303 subindicat

191 1446 365 1521 sipaifieat?
402 1440 604 1527 Itaqueiam
624 1440 718 1506 vides
740 1462 792 1505 me
813 1462 851 1506 eo
872 1440 994 1521 redire,
1018 1440 1106 1528 quod
1127 1440 1339 1529 iampridem

192 1543 358 1627 sagaciter
371 1542 499 1609 invenit
513 1542 660 1629 Scaliger
674 1546 801 1624 ‘rapat
806 1554 818 1607 t
836 1550 874 1607 in
889 1547 961 1607 XII
976 1550 1053 1622 ripa.
1070 1548 1100 1609 rt.
1117 1548 1161 1609 d.’
1191 1542 1342 1631 Namque

190 1644 355 1711 incautius
370 1644 558 1711 Dirlssenus
574 1644 762 1733 obloquitur
775 1644 880 1731 p.530
894 1650 1015 1725 ‘repsit’
1031 1645 1170 1712 formam
1186 1646 1268 1711 adeo
1284 1645 1340 1712 ob·

191 1744 331 1813 saletam
346 1769 413 1813 non
427 1747 546 1831 fuisse,
567 1770 651 1834 quae
665 1747 938 1833 interpretatione
959 1756 1080 1833 egeret.
1118 1746 1217 1829 Quod
1235 1769 1341 1835 neque

191 1870 251 1936 per
270 1870 308 1914 se
327 1849 363 1913 in
377 1848 532 1914 Verrium
553 1848 659 1928 valet,
681 1849 737 1936 qui
759 1847 839 1914 talia
860 1872 988 1937 quoque
1008 1848 1105 1937 plura
1126 1849 1286 1936 receperit
1300 1887 1343 1898 -

76 1965 77 1968 ’
192 1950 234 2015 cf.
251 1950 350 2017 modo
365 1950 487 2016 Paulus
502 1973 536 2039 p.
553 1952 613 2015 107
629 1958 773 2017 ‘incessit
791 1954 958 2017 incenderit
977 1959 1054 2017 aaut
1073 1958 1199 2032 incepsit
1219 1958 1342 2031 incepe-

192 2060 243 2118 rit’
254 2091 298 2104 -
308 2074 414 2140 neque
429 2052 608 2141 quidquam
624 2055 666 2118 ad
680 2052 767 2120 hunc
781 2052 890 2119 locum
905 2054 1061 2120 momenti
1076 2053 1188 2137 habet,
1203 2052 1261 2119 ubi
1276 2074 1341 2119 non

194 2154 234 2220 de
255 2154 365 2222 forma
379 2155 506 2241 agitur,
522 2154 582 2221 sed
598 2154 639 2220 de
658 2155 802 2236 notione.
842 2156 1005 2223 Nimirum
1020 2155 1109 2242 quod
1130 2157 1165 2221 in
1187 2154 1258 2241 lege
1279 2155 1342 2221 fuit

194 2264 233 2321 ‘si
244 2262 408 2322 membrum
423 2264 541 2339 rupae,
557 2257 590 2321 id
605 2267 722 2345 postea
741 2266 775 2323 et
793 2280 856 2322 usu
877 2266 909 2325 et
929 2257 1127 2345 prudentum
1148 2256 1341 2345 interprete·

193 2360 281 2424 tione
297 2358 338 2424 de
353 2359 470 2445 quovis
487 2358 605 2425 damno
620 2358 743 2424 iniuria
763 2358 840 2425 dato
857 2368 1028 2447 acceptum
1048 2368 1113 2427 est:
1136 2368 1173 2424 ut
1191 2360 1227 2423 in
1246 2380 1341 2445 roga-

193 2461 283 2527 tione
299 2459 341 2526 de
355 2482 434 2525 vere
450 2482 544 2527 sacro
560 2460 649 2548 apud
663 2460 796 2526 Livium
811 2460 918 2527 XXII
936 2460 992 2543 10,
1008 2459 1029 2524 5
1045 2466 1090 2525 ‘si
1109 2468 1175 2541 quis
1194 2471 1344 2541 rumpet

194 2567 342 2629 mcidetue
356 2567 508 2629 iaciens?
538 2566 649 2650 Atque
663 2560 735 2649 ipse
751 2561 900 2647 Scaliger
914 2562 984 2627 iure
1000 2560 1042 2627 ad
1064 2584 1157 2627 suam
1179 2563 1342 2630 coniectu·

194 2686 264 2730 ram
279 2663 476 2730 firmandam
490 2686 570 2731 usus
585 2674 637 2731 est
650 2662 784 2751 Ulpiani
799 2664 911 2730 verbis
926 2662 969 2729 D.
986 2662 1018 2746 9,
1033 2662 1064 2747 2,
1080 2664 1121 2729 27
1137 2668 1157 2747 ξ
1175 2664 1214 2731 13
1230 2668 1345 2745 ‘Inquit

194 2774 246 2831 lex
260 2768 323 2856 (sc.
338 2766 475 2854 Aquilia
489 2771 509 2849 ξ
524 2766 559 2851 5)
576 2771 751 2848 “ruperit’'
760 2791 771 2830 .·
790 2774 908 2847 rupisse
930 2770 1049 2831 aerium
1061 2770 1132 2844 scre
1145 2786 1245 2833 ornnes
1259 2778 1342 2833 oete-

195 2890 244 2934 res
256 2875 303 2935 ric
315 2875 540 2935 intellexeruut:
556 2874 753 2949 corruperit’‚
774 2869 893 2956 quibus
915 2866 1039 2933 addere
1060 2877 1188 2955 poterat
1208 2867 1290 2936 Call.
1307 2868 1343 2935 II

195 2972 217 3036 4
230 2976 373 3053 ‘Rapisse
386 2991 452 3036 eum
467 2978 567 3051 atique
581 2977 763 3052 acmpiemas
781 2978 834 3051 qui
847 2977 1017 3037 autumavit
1030 2976 1077 3036 ret
1097 2977 1191 3051 rapis
1204 2977 1252 3037 ael
1270 2978 1343 3037 laris

196 3079 242 3138 aet
256 3080 369 3155 pappa
387 3078 543 3139 occidite.
565 3096 596 3160 q.
618 3080 659 3138 s.’
696 3072 835 3139 Accedit
855 3094 942 3138 nunc
963 3072 1091 3161 plenius
1113 3072 1178 3138 Gai
1199 3075 1343 3139 testimo-

197 3176 386 3242 niuqust.
401 3174 532 3242 111217
553 3180 598 3241 ‘si
617 3180 691 3256 quid
708 3181 785 3241 enim
808 3188 904 3241 astam
925 3186 978 3239 aut
996 3186 1117 3257 ruptam
1137 3185 1191 3240 aut
1206 3178 1342 3252 fractum

198 3282 320 3360 (feeit)
342 3284 419 3344 actio
438 3281 494 3343 boc
513 3284 612 3359 capim
633 3278 694 3362 (sc.
715 3275 735 3341 l.
753 3276 921 3364 Aquiliae)
938 3284 1141 3343 construitur:
1162 3296 1343 3357 ammonam

196 3387 326 3460 potuerit
338 3387 404 3445 sota
423 3386 528 3461 rupti
541 3386 706 3461 appellatio
720 3384 752 3444 in
767 3399 866 3444 omnes
881 3386 953 3443 istas
967 3397 1077 3444 causas
1091 3383 1244 3457 sufficere.
1275 3383 1343 3443 Iiu-

120 3536 127 3549 .
197 3494 279 3562 ptam
303 3487 396 3561 (enim
416 3488 598 3565 inteltepitur
623 3485 704 3561 quoa
721 3500 836 3561 quoquo
855 3486 943 3547 modo
962 3489 1151 3563 corruptum)
1177 3491 1237 3547 est:
1262 3486 1344 3547 uncie

198 3605 257 3650 aon
270 3590 382 3664 sonum
396 3597 463 3651 asta
477 3592 544 3665 orit)
559 3598 650 3665 rupta
666 3593 719 3647 aaa
735 3586 856 3663 fracta,
877 3588 932 3649 sect
949 3588 1069 3665 et(ium)
1084 3588 1178 3648 scissa
1193 3594 1221 3649 et
1240 3588 1344 3649 collisa

199 3698 227 3752 et
239 3691 338 3767 effusa
351 3698 381 3753 et
396 3737 404 3754 .
421 3735 429 3753 .
447 3736 455 3753 .
472 3738 480 3753 .
497 3698 551 3752 arat
560 3697 717 3767 perempta
731 3699 819 3765 utque
833 3690 983 3751 deteriora
994 3690 1083 3763 sacta
1098 3690 1343 3753 71000ον10000-

200 3797 351 3860 tiuentur?
380 3789 462 3877 Legi
477 3790 579 3876 igitur
593 3788 658 3876 ipsi
672 3788 707 3853 in
722 3788 815 3855 Festi
829 3786 900 3855 loco
922 3789 1120 3875 imputatur,
1141 3790 1228 3877 quod
1243 3788 1343 3855 inter·

200 3893 375 3980 pretationi
395 3894 526 3959 demum
545 3890 718 3979 posteriori
740 3888 932 3957 debebatur.
962 3890 1035 3957 Iam
1055 3891 1132 3979 quin
1153 3900 1240 3957 recte
1260 3892 1345 3956 hanc

201 3995 344 4081 glossam
358 3994 401 4061 ad
416 3994 506 4061 illam
520 3996 627 4082 ipsam
646 3992 753 4079 legem
767 3992 855 4059 VIII
870 3993 891 4057 2
912 4015 932 4059 a
947 3992 1055 4060 Gellio
1077 4004 1111 4060 et
1125 3994 1225 4059 Festo
1247 4016 1280 4058 v.
1296 4000 1343 4058 ta·

204 4096 299 4166 lionis
314 4100 450 4165 citatam
463 4096 686 4163 Mommsenus
700 4094 879 4177 rettulerit,
903 4118 976 4161 cum
997 4105 1092 4163 extra
1107 4094 1343 4162 dubitationem

205 4200 349 4287 positum
365 4202 421 4267 sit:
442 4205 568 4281 ‘rapuit'
583 4199 632 4265 ibi
652 4200 705 4264 vel
725 4197 914 4283 refragante
929 4197 1036 4265 Gellio
1052 4218 1210 4285 reponere
1232 4219 1270 4263 eo
1285 4196 1344 4261 mi-

205 4322 264 4367 nus
281 4302 414 4387 dubito,
434 4301 523 4389 quod
542 4300 641 4368 etiam
655 4305 819 4383 ‘ropscrit'
839 4300 871 4365 lr.
888 4298 909 4363 l.
931 4308 1023 4366 extat
1040 4299 1075 4363 in
1093 4309 1232 4385 utroque
1252 4297 1345 4363 Festi

129 4397 133 4403 ’
206 4400 379 4472 Vaticano.
416 4404 568 4470 Ceterum
589 4402 723 4469 rarioris
747 4401 844 4467 huius
864 4400 992 4467 formae
1012 4398 1197 4487 exemplum
1218 4398 1344 4465 Placidi

207 4504 335 4586 glossae
349 4517 485 4573 servant
502 4510 606 4572 ‘diaru
606 4511 670 4584 psi
674 4514 687 4568 t
700 4508 857 4583 dispersit’
874 4502 927 4568 III
940 4522 974 4589 p.
988 4501 1052 4567 452
1066 4502 1105 4565 cl.
1121 4501 1170 4567 VI
1184 4500 1249 4566 560
1261 4500 1309 4565 Μ.

276 4609 328 4673 De
342 4608 444 4675 altero
460 4606 548 4696 quod
562 4606 661 4691 vulgo
676 4605 782 4670 fertur
796 4604 1045 4671 coniunctivi
1061 4602 1093 4667 in
1109 4602 1180 4669 XII
1195 4601 1345 4689 exemplo

254 4718 375 4770 seuseu,
389 4718 455 4771 tagis
468 4717 508 4760 xu
522 4720 568 4759 ras.
583 4717 645 4769 resq.
1122 4706 1140 4771 7
1158 4778 1161 4789 Ι
