3409 5409
314 512 435 608 imru
457 556 671 607 rusvnsuvu
693 558 871 621 snnrovns
894 522 1230 613 oousrrrvsunl'sa„
1248 536 1391 629 Q..-
1412 508 1450 569 ’χ

164 718 271 796 furto,
285 718 366 793 quod
379 734 434 779 nec
448 717 639 790 manifestum
653 719 722 778 erit’
737 714 886 781 futurum
907 737 972 782 non
993 716 1103 783 valere
1123 718 1158 782 in
1179 716 1319 784 relativa

168 815 350 882 sententis:
378 824 454 903 apto
481 814 659 881 Muellerus
690 819 844 905 opposuit
858 816 1007 885 'relativo
1032 819 1142 906 potius
1171 819 1319 887 membro

81 968 87 979 .
166 919 340 1008 propriam
360 919 429 984 rim
451 916 711 985 condicionalem
733 920 913 1005 contineri,
934 931 973 987 ut
992 921 1036 987 sit
1057 920 1145 989 idem
1167 933 1266 1010 atque
1281 927 1322 986 ‘ss'

165 1025 288 1099 furtum
303 1042 361 1101 quo
375 1026 493 1097 odorat,
508 1041 564 1085 nec
578 1024 769 1099 manifestum
783 1026 863 1086 erit’
880 1022 1007 1087 —Iam
1022 1044 1101 1089 vero
1117 1022 1204 1111 quod
1215 1020 1319 1089 Muel-

169 1125 260 1189 lerus
275 1122 346 1189 Ser.
361 1124 439 1191 min.
455 1123 473 1189 I
488 1147 521 1209 p.
537 1122 601 1187 382
621 1121 785 1211 plerisque
805 1123 871 1189 illis
895 1146 975 1213 quos
995 1124 1160 1191 recensuit
1179 1123 1250 1191 XII
1271 1134 1318 1190 ta-

166 1224 323 1292 bularum
337 1224 417 1290 locis
434 1230 528 1290 ‘escit‘
544 1248 563 1289 e
578 1224 728 1290 codicum
743 1226 870 1295 mendis
892 1226 1165 1293 eruendumaesss
1188 1226 1317 1293 statuit:

167 1328 350 1393 rectissime
366 1328 493 1393 statuit.
502 1326 527 1411 ¹)
1087 1329 1089 1332 ’

252 1429 389 1496 Etenim
403 1452 481 1494 rara
495 1429 601 1495 forma
617 1436 711 1495 ‘escit’
728 1430 868 1496 cumbis
884 1429 1000 1496 saltem
1023 1432 1149 1497 intacta
1169 1432 1204 1495 in
1223 1430 1316 1497 libris

168 1541 323 1599 servatur
339 1533 355 1597 1
370 1533 391 1597 3
407 1536 520 1595 ‘viuum
534 1537 621 1596 escit’
643 1543 676 1597 et
690 1532 723 1597 V
739 1533 758 1597 7
775 1538 836 1597 ‘ost
849 1539 879 1599 ei
892 1542 988 1599 auios
1003 1554 1058 1597 nec
1071 1540 1169 1607 esoe't’2
1185 1542 1255 1599 tum
1269 1534 1317 1599 fa·

168 1632 224 1700 cili
239 1634 375 1721 negotio
391 1634 535 1701 efficitur
547 1656 590 1699 ex
599 1632 758 1700 librorum
770 1634 932 1721 scriptura
942 1634 973 1701 V
983 1634 1003 1701 5
1015 1641 1169 1715 ‘stancius
1181 1634 1218 1723 (l.
1231 1636 1317 1719 ayn.)

167 1743 275 1805 nescit’
291 1738 314 1802 i.
330 1759 358 1801 e.
376 1742 444 1801 ‘nec
458 1742 541 1801 escit'
558 1738 701 1818 (a’escit).
730 1736 823 1803 Idem
837 1735 869 1799 V
886 1738 904 1803 7
921 1738 1147 1803 statuendum:
1170 1738 1229 1804 ubi
1243 1758 1318 1803 cum

166 1840 201 1902 in
216 1838 311 1906 libris
327 1839 425 1904 Auci„
448 1836 491 1905 ad
506 1837 709 1904 Herennium
725 1845 848 1906 ‘existet
855 1845 875 1920 ⁹,
892 1839 926 1903 in
941 1838 1109 1905 Ciceronis
1131 1838 1172 1904 de
1192 1838 1318 1905 invent.

168 1944 259 2020 ‘erim
274 1941 308 2006 in
323 1939 585 2005 Tusculanarum
606 1940 690 2027 disp.
707 1941 849 2027 denique
865 1946 940 2005 ‘esse
954 1946 1076 2022 incapit’
1092 1942 1256 2007 constanti
1271 1942 1317 2007 in-

167 2041 385 2131 terpolatione
400 2042 615 2109 substitutum
630 2042 688 2125 sit,
703 2065 789 2108 unus
805 2044 932 2109 Nonius
949 2042 1083 2109 Tuscul.
1105 2042 1213 2109 locum
1228 2054 1317 2111 ante·

168 2155 274 2219 status
290 2169 323 2234 p.
339 2144 404 2210 443
424 2150 533 2209 ‘esset'
555 2143 706 2211 tradidit:
729 2145 816 2210 undo
838 2151 943 2211 ‘escit'
963 2144 1121 2233 proclivis
1142 2156 1193 2211 est
1214 2156 1317 2212 muta·

167 2248 225 2314 tio.
248 2246 410 2315 Conferas
426 2246 522 2312 modo
537 2246 727 2312 Lucretium
742 2246 759 2311 I
774 2246 837 2311 619
858 2252 943 2327 ‘erpo
957 2268 1059 2313 rerum
1079 2254 1157 2312 inter
1171 2268 1316 2313 summum

168 2354 379 2430 minimamque
393 2354 467 2429 quid
479 2350 607 2414 escitl’:
622 2366 686 2436 quo
701 2347 773 2413 loco
789 2353 890 2413 ‘esset'
908 2346 1080 2435 Oblongus
1088 2398 1098 2432 ,
1121 2353 1228 2414 ‘esset’
1245 2350 1314 2414 eius

168 2452 371 2539 corrector.²)
389 2450 531 2517 Omnino
541 2451 607 2517 lato
621 2462 735 2539 patere
749 2450 934 2516 litterarum
949 2473 982 2515 ss
998 2460 1031 2516 et
1046 2450 1128 2516 scin
1139 2450 1232 2518 libris
1244 2472 1315 2538 per-

168 2554 386 2621 turbationem
400 2564 489 2619 reote
503 2562 615 2619 monet
628 2552 900 2639 Wesenbergius.
934 2552 1031 2635 Quod
1047 2552 1076 2618 si
1090 2552 1316 2619 meminissent

168 2654 386 2723 recentissimi
401 2654 569 2723 Ciceronis
586 2655 727 2721 editores
744 2652 785 2718 de
801 2657 865 2741 leg.
882 2654 990 2738 1124,
1006 2656 1048 2719 60
1069 2660 1133 2721 ‘ores‘
1144 2676 1220 2721 auro
1235 2660 1313 2719 derr-

169 2772 209 2823 tes
223 2765 319 2825 iuncti
330 2766 442 2823 essent’
459 2757 509 2843 (X
524 2760 570 2841 9),
591 2780 657 2823 non
679 2764 796 2822 ‘esunt’
819 2756 929 2844 potius
945 2767 983 2824 ut
1002 2758 1128 2845 pridem
1143 2758 1315 2847 proposuit

169 2860 362 2929 Raevardus
379 2882 477 2947 quam
492 2882 566 2925 cum
581 2860 744 2925 Lambino
761 2864 896 2925 ‘escunt’
919 2858 1102 2927 dedissent:
1127 2882 1226 2949 quam
1247 2860 1313 2927 for-

169 2984 253 3029 mam
267 2966 340 3052 ipse
354 2962 469 3029 Cicero
485 2962 520 3026 in
534 2960 606 3047 lege
625 2961 746 3027 ficticia
766 2962 929 3049 expressit
943 2962 997 3029 ΙΙΙ
1012 2964 1049 3046 3,
1066 2962 1087 3028 9
1108 2970 1174 3027 ‘ost
1192 2966 1313 3043 quando

169 3068 297 3131 discitum
309 3071 448 3145 pravius,
463 3068 634 3129 discordiae
650 3070 757 3128 muium
777 3072 930 3129 escunt?
967 3064 1083 3153 Itaque
1099 3087 1140 3130 ne
1154 3064 1186 3129 V
1201 3064 1223 3129 4
1243 3065 1312 3152 qui·

169 3164 257 3250 dem,
272 3167 355 3255 quin
370 3173 464 3231 ‘escit’
481 3166 568 3252 apud
582 3164 760 3252 Ulpianum
775 3166 876 3231 tuerit
889 3166 924 3230 in
938 3165 1072 3251 lacuna,
1088 3176 1138 3233 est
1153 3167 1239 3255 quod
1254 3166 1311 3232 du·
1402 3168 1407 3177 “

168 3266 315 3336 bitemus.

249 3370 303 3437 De
317 3373 391 3458 ipsa
405 3372 486 3437 vera
500 3370 606 3436 forma
619 3375 713 3435 ‘escit’
728 3408 771 3417 -
786 3392 882 3458 quam
898 3392 957 3457 per
971 3370 1119 3437 futurum
1133 3371 1311 3459 explanare

170 3473 272 3540 solent
286 3472 509 3561 grammatici:
531 3472 575 3539 cf.
598 3472 722 3537 Paulus
744 3492 814 3537 exo.
830 3494 863 3558 p.
880 3472 919 3536 77
936 3478 1025 3537 ‘escit
1043 3480 1101 3537 erit
1107 3480 1116 3509 '
1139 3482 1173 3538 et
1191 3472 1309 3539 Festus

169 3594 199 3659 p.
213 3575 276 3641 302
289 3582 465 3657 ‘superescit
477 3559 628 3655 siqnificut
641 3574 843 3659 supererit’i)
864 3612 904 3622 —
925 3574 1132 3641 verissimum
1152 3572 1309 3639 iudicium

235 3848 257 3918 ¹)
276 3851 462 3919 Excipiendus
475 3851 612 3904 Macrobii
624 3852 715 3917 locus,
728 3850 762 3902 de
775 3864 829 3915 quo
841 3866 932 3903 meam
945 3850 1116 3903 sententiam
1128 3864 1212 3917 supra
1225 3850 1309 3916 signi-

170 3928 261 3987 ficari:
279 3952 360 4003 quem
377 3937 460 3988 nimis
477 3936 647 3989 confidenter
665 3936 817 3989 (torstenus
835 3936 927 4003 Symb.
949 3936 1010 3987 crit.
1031 3952 1056 4002 p.
1076 3937 1109 3989 35
1126 3934 1198 3987 inter
1217 3935 1308 3989 tontes

169 4028 194 4070 v.
211 4019 292 4074 ‘sedi’
309 4022 405 4077 refert.

231 4103 253 4170 ²)
276 4106 388 4159 Incerta
410 4122 454 4159 res
476 4112 519 4159 est
541 4110 570 4159 in
592 4108 674 4159 Accii
695 4124 778 4159 versu
801 4104 948 4176 (praetexi.
972 4106 1004 4156 16
1026 4104 1071 4167 R.)
1097 4106 1145 4157 cit.
1171 4121 1214 4172 ap.
1237 4104 1329 4156 Non..

169 4200 194 4249 P·
211 4189 268 4244 200.
304 4193 410 4244 ‘Castra
427 4193 491 4244 haec
507 4200 655 4245 vestmnsstz·
677 4196 770 4259 optivus
793 4195 858 4244 esais
880 4194 984 4243 meritus
1002 4206 1018 4241 a
1036 4190 1123 4242 nodis’
1146 4190 1193 4239 ubi
1210 4192 1306 4241 ‘escis’

90 4287 100 4311 ο
170 4268 287 4329 Bothius.

232 4359 253 4425 ⁸)
270 4362 406 4429 Exempla
425 4363 502 4415 addit
524 4364 609 4414 Ennii
625 4361 694 4413 Ann.
710 4364 762 4415 486
784 4363 860 4412 ‘Dum
883 4362 981 4428 quidem
1003 4375 1065 4411 unus
1087 4360 1158 4411 tomo
1182 4360 1306 4412 Romanus

170 4430 225 4506 10ρά
240 4451 403 4512 superetur,
422 4454 451 4501 et
468 4449 549 4500 Accii
567 4447 714 4514 Chrysipp.
736 4463 762 4498 v.
780 4448 828 4497 261
849 4444 909 4507 ‘Qui
930 4444 988 4495 linc
1010 4447 1166 4509 superarit,
1184 4444 1306 4509 Spartam

169 4524 214 4591 (el)
231 4536 305 4599 atque
324 4535 445 4601 Amyclas
462 4536 539 4586 trado
557 4530 650 4599 (epol’
686 4531 814 4584 Ceterum
831 4530 866 4581 de
885 4531 970 4580 ‘escit’
989 4528 1026 4583 cf.
1045 4544 1078 4580 ex
1096 4529 1234 4595 prioribus
1253 4530 1305 4580 cri·

169 4608 229 4660 ticis
246 4620 362 4669 maxime
380 4618 526 4670 Turnebus
544 4616 613 4669 Λᾶν.
632 4618 656 4666 X
677 4618 708 4666 15
726 4620 755 4666 et
772 4615 903 4667 Cuiacius
922 4613 1003 4666 Obss.
1022 4614 1074 4666 v11
1095 4614 1134 4663 18.

1055 4698 1101 4763 7*
1132 4734 1134 4741 “
1164 4741 1167 4749 ι
1310 4740 1312 4747 ι
1357 4744 1361 4751 λ

1314 4765 1318 4773 ι
1345 4750 1354 4767 ¹)

1126 4768 1131 4781 Ι,
1163 4770 1168 4781 ⁴
1211 4772 1212 4777 ¹
1247 4770 1280 4783 t'ss
1310 4770 1313 4779 s

1198 4776 1207 4790 st
1221 4783 1224 4793 ¹
1323 4789 1325 4799 ι
1343 4790 1346 4797 ι

1125 4798 1134 4810 ΙΙ
1162 4798 1166 4809 Q
1315 4798 1317 4805 l
1357 4802 1359 4809 ι

1193 4812 1195 4820 ⁴
1246 4802 1270 4824 ΙΙΙ
1309 4804 1312 4811 ι
1327 4817 1343 4827 ιιι

1126 4830 1133 4841 ι
1163 4836 1167 4845 t
1198 4846 1201 4855 Ι
1222 4847 1224 4855 r
1308 4832 1312 4841 t
1333 4846 1336 4855 .
1356 4832 1359 4839 v
