3409 5409
606 1266 1026 1366 PRAEFATIO

330 1678 389 1760 De
411 1690 482 1777 lege
506 1690 577 1755 XII
604 1688 790 1760 tabularum
812 1711 886 1754 eum
908 1711 993 1753 anno
1015 1686 1288 1753 MDCCCLXIV
1311 1688 1390 1755 ordo

245 1802 511 1891 philosophorum
539 1801 722 1866 Bonnensis
757 1800 939 1865 litterarum
967 1810 1131 1865 certamen
1149 1800 1313 1868 'iussisset
1343 1801 1390 1865 ita

244 1917 333 1998 ficri,
362 1925 398 1979 ut
428 1936 470 1977 ex
498 1912 571 1999 lege
594 1922 688 1999 ‘quac
712 1922 887 1999 supersunt
910 1910 1087 1997 diligenter
1108 1910 1320 1997 colligantur,
1348 1910 1391 1975 ad

245 2048 392 2091 normam
403 2027 483 2089 artis
499 2023 715 2111 philologicae
728 2024 979 2106 constituantur,
991 2022 1038 2087 ita
1049 2021 1191 2110 denique
1207 2023 1390 2110 discepten-

244 2148 318 2220 tur,
347 2147 383 2201 ut
412 2159 477 2201 non
505 2145 571 2199 tam
601 2156 709 2199 rerum
732 2135 895 2198 enarratio
923 2154 1021 2221 quam
1044 2136 1137 2199 crisis
1160 2134 1336 2199 verborum
1359 2144 1391 2197 et

245 2250 327 2313 ratio
344 2248 475 2332 linguae
491 2254 687 2332 spoctotur':
712 2248 780 2311 eius
797 2248 997 2333 quaestionis
1013 2242 1189 2309 solvendae
1211 2244 1390 2332 pericrdum

246 2360 367 2422 maiore
401 2380 475 2422 cum
506 2356 626 2419 fiducia
654 2378 750 2443 quarn
785 2356 904 2443 peritia
931 2358 965 2419 in
994 2378 1046 2419 me
1071 2358 1193 2440 recepi.
1242 2357 1391 2442 Namque
1439 2340 1444 2355 ’

245 2470 307 2534 hoo
328 2467 371 2531 ab
398 2468 493 2531 initio
521 2465 669 2531 intellexi
699 2489 763 2531 non
785 2488 881 2555 posse
903 2468 1069 2554 proposito
1097 2468 1176 2531 satis
1206 2468 1278 2531 fieri
1304 2468 1392 2531 intra

246 2581 326 2644 lines
353 2578 396 2643 ab
423 2570 624 2665 amplissimo
654 2578 769 2641 ordine
798 2580 1009 2659 constitutoS,
1037 2599 1152 2641 verum
1183 2576 1391 2662 diligentiore

246 2675 353 2755 r'crum
369 2690 398 2753 si
412 2711 475 2754 non
493 2690 713 2771 enarratione,
730 2699 764 2754 at
778 2690 1033 2776 pertractatione
1048 2711 1128 2775 opus
1145 2710 1232 2771 esse,
1256 2689 1390 2775 quicun-

247 2822 399 2887 quacum
421 2800 530 2865 fructu
544 2802 670 2865 versari
693 2802 727 2863 in
749 2800 800 2864 his
815 2799 963 2888 reliquiis
979 2800 1216 2865 constituendis
1239 2798 1390 2864 voluerit.

246 2912 329 2977 lnda
344 2934 448 2977 novus
472 2910 612 2976 dabatur
626 2934 758 2999 campus
781 2912 815 2975 iu
838 2935 902 2998 quo
919 2911 1030 2975 studia
1044 2910 1246 2976 collocarem.
1284 2910 1391 2991 Quem

245 3033 355 3087 tamen
369 3021 548 3110 periculum
563 3022 642 3104 fuit,
655 3044 696 3087 ne
712 3044 913 3110 pererrarem
928 3024 1036 3109 potius
1049 3044 1146 3109 quarn
1157 3044 1390 3108 percurrerem,

207 3147 210 3152 '
245 3135 281 3197 ni
303 3135 494 3219 contigisset
516 3132 597 3197 mihi
619 3134 818 3220 hospitanti
840 3133 1077 3217 benignissimo
1100 3134 1280 3222 eodemque
1309 3134 1391 3197 duce

246 3246 432 3309 firmissimo
456 3244 643 3309 Eduardo
664 3245 935 3330 Boeekingio,
959 3247 1015 3331 qui
1037 3245 1079 3309 de
1101 3246 1172 3311 iure
1194 3244 1391 3332 respondere

247 3354 428 3421 consulenti
450 3378 624 3442 numquam
648 3354 844 3440 dedignatus
869 3358 1017 3443 quotiens
1040 3355 1195 3421 familiari
1216 3354 1392 3444 disciplina

245 3468 375 3531 auxerit
397 3467 582 3547 scientiam,
616 3468 721 3529 aciem
750 3468 932 3548 exacuerit,
966 3468 1055 3531 viam
1088 3478 1177 3531 recte
1204 3468 1391 3551 ingressuro

247 3578 352 3640 facem
379 3574 585 3663 praetulerit,
615 3578 798 3661 ingressum
832 3576 983 3660 consilio,
1018 3576 1216 3660 hortatione,
1251 3576 1391 3663 denique

247 3686 397 3775 exemplo
426 3696 458 3751 ct
484 3689 678 3751 auctoritate
707 3708 861 3775 praesens
883 3688 1066 3771 adiuverit,
1090 3689 1144 3775 pia
1166 3687 1391 3754 recordatione

237 3798 388 3869 libenter
409 3796 533 3863 recolo:
557 3796 748 3884 singillatim
771 3801 949 3887 perstringi
971 3821 1030 3863 nec
1052 3801 1161 3886 potest
1182 3820 1242 3863 nec
1264 3799 1314 3863 fas
1330 3810 1390 3863 est.

246 3910 368 3975 Veram
400 3920 509 3973 autem
542 3912 682 3995 gratiam
711 3911 782 3973 viro
815 3912 948 3996 egregio
982 3914 1028 3976 ita
1060 3911 1191 3975 demum
1224 3910 1392 3975 rettulisse

246 4020 328 4085 mihi
351 4019 504 4102 videbor,
533 4021 561 4085 si
590 4042 653 4084 uno
682 4020 826 4085 alterove
855 4022 951 4106 huius
980 4021 1083 4087 libelli
1111 4033 1303 4108 argumento
1325 4045 1391 4087 non

246 4132 369 4195 frustra
390 4152 442 4193 me
469 4130 531 4194 hac
559 4130 734 4218 disciplina
761 4155 857 4197 usum
880 4151 956 4197 ¹esse
983 4135 1048 4221 ipsi
1075 4134 1273 4221 probavero:
1303 4133 1389 4219 quod

247 4243 276 4305 si
306 4240 384 4327 qnid
413 4264 464 4305 me
491 4240 586 4307 latuit
612 4244 752 4308 invitum
780 4246 851 4308 sive
880 4244 960 4332 quid
988 4267 1098 4310 corum
1126 4266 1209 4331 quae
1235 4246 1390 4331 proposui

247 4362 335 4416 recte
358 4350 423 4417 talo
452 4361 538 4416 stare
565 4376 630 4419 non
658 4353 842 4439 videbitur,
878 4354 933 4419 vel
959 4356 996 4419 id
1025 4354 1117 4419 illum
1146 4378 1204 4442 pro
1231 4355 1391 4441 singulari

247 4464 316 4527 cius
346 4461 550 4547 indulgentia
576 4466 671 4551 acqui
699 4465 776 4529 boni
799 4465 961 4530 facturum
983 4464 1126 4548 confido,
1155 4466 1243 4554 apud
1266 4476 1389 4537 ceteros

224 4596 356 4643 ,carum
378 4596 485 4639 rerum
506 4572 645 4641 arbitros
668 4577 797 4641 veniam
819 4598 871 4643 mc
893 4580 1141 4665 impetraturum
1162 4600 1268 4668 spero.
