3409 5409
325 510 331 523 ’
354 530 397 593 34
772 544 886 594 esrvr
907 544 1083 594 snrssvn.

354 710 445 786 ptum
460 722 480 763 a
492 700 646 765 Putschio
662 700 796 785 proprio
809 699 917 764 Marte
932 698 1168 785 amplificatum
1185 722 1257 765 esse
1269 710 1302 765 et
1313 708 1380 764 tam
1392 700 1514 786 inepte

354 801 539 867 mutilatum
554 801 663 867 eredo.

438 904 492 968 Ex
519 904 655 969 Servii
677 902 857 989 Sulpicii
882 902 993 981 Rufi,
1017 903 1082 970 viri
1108 913 1143 968 et
1162 903 1243 967 iuris
1265 914 1299 969 et
1324 902 1514 969 litterarum

355 1007 493 1071 scientia
508 1006 647 1090 insignis
664 1004 745 1091 (eos.
763 1003 944 1090 ΙΟΟΟΝ),
960 1013 1090 1070 sennim
1105 1006 1274 1090 octoginta
1294 1005 1389 1071 libris
1405 1006 1512 1071 etiam

355 1108 426 1172 XII
448 1106 634 1173 tabularum
660 1105 966 1193 interpretationem
991 1106 1095 1171 fuisse
1115 1108 1221 1192 magis
1242 1128 1341 1193 quam
1361 1106 1512 1195 quinque

357 1209 488 1294 glossae
505 1211 566 1275 snb
582 1210 652 1275 eius
667 1208 798 1274 nomine
814 1208 904 1294 apud
919 1208 1054 1273 Festum
1074 1208 1195 1273 citatae
1209 1208 1234 1296 ¹)
1257 1208 1322 1273 Gai
1343 1208 1513 1296 quaedam

356 1312 460 1376 verba
474 1311 622 1377 indicant
638 1334 681 1377 ex
695 1310 778 1376 libro
794 1309 826 1374 V
842 1310 885 1374 ad
900 1309 1006 1395 legem
1021 1308 1092 1375 XII
1108 1308 1294 1376 tabularum
1314 1310 1350 1373 in
1364 1311 1513 1396 Digesta

282 1472 284 1477 .
355 1412 470 1496 51116,
484 1413 546 1478 237
562 1422 696 1500 recepta
710 1416 835 1477 ‘duabus
849 1419 994 1491 mannis
1008 1417 1106 1477 uerbis
1119 1417 1208 1491 quasi
1218 1418 1363 1491 panant
1374 1418 1427 1478 ica
1437 1432 1513 1476 ma-
1558 1411 1565 1419 '

353 1522 401 1593 pis
427 1536 517 1593 quam
541 1520 710 1595 probibuii;
734 1518 823 1594 idque
847 1521 937 1578 etiam
957 1516 1116 1579 Seruius
1139 1518 1372 1579 animaduertit?
1413 1514 1514 1595 Quae

356 1618 479 1683 mentio
502 1617 615 1703 magni
635 1638 714 1681 sane
734 1615 891 1681 momenti
913 1625 974 1698 est,
994 1637 1095 1703 quum
1115 1615 1221 1681 Gaius
1241 1636 1307 1680 non
1329 1616 1403 1703 ipsa
1423 1615 1512 1701 lege,

359 1718 417 1783 sed
433 1719 675 1784 commentariis
691 1716 856 1805 prioribus
871 1738 951 1782 usus
966 1717 1021 1786 sit.

443 1821 571 1885 Certius
599 1822 696 1885 etiam
723 1820 764 1884 de
791 1819 978 1885 Antistio
1004 1818 1193 1886 Labeone
1217 1819 1300 1905 legis
1328 1820 1513 1907 interprete

359 1930 488 1987 constat
503 1945 545 1987 ex
560 1920 661 1987 Gellii
676 1920 871 1987 testimoniis
887 1920 930 1985 N.
946 1922 987 1985 A.
1001 1920 1023 1985 *I
1040 1921 1096 2003 12,
1120 1921 1159 1986 18
1182 1926 1359 1987 ‘Praeterea
1378 1929 1410 1986 in
1430 1942 1513 1986 com-

359 2030 513 2089 mentariis
529 2028 673 2088 Labeonis
687 2044 765 2101 qnae
779 2028 823 2086 ad
836 2027 909 2087 XII
919 2028 1036 2087 tabulas
1050 2029 1212 2103 comperuit
1231 2030 1274 2087 iia
1288 2031 1513 2104 scriptumest:

359 2134 382 2163 “
395 2132 487 2204 Virpo
509 2131 634 2190 l'esiaiir
648 2146 743 2204 acque
758 2130 843 2189 lieres
857 2134 902 2189 esi
921 2131 1061 2204 wuuam
1082 2132 1218 2189 intestato
1237 2146 1333 2205 nequae
1354 2134 1515 2191 intestatae

360 2236 530 2307 quispiam,
546 2231 689 2291 sedeone
704 2233 768 2290 eius
783 2233 814 2290 in
825 2231 978 2306 publicum
993 2231 1094 2305 reaipi
1106 2234 1228 2291 aiunt.”
1251 2227 1300 2292 VI
1312 2227 1410 2314 (VII)
1424 2226 1476 2307 15,
1493 2230 1510 2289 l

360 2335 477 2394 ‘Labeo
497 2338 528 2393 ia
549 2334 624 2394 libro
645 2333 682 2392 de
696 2332 768 2391 XII
784 2333 891 2392 tubanis
910 2333 1041 2393 secundo
1061 2335 1149 2393 acria
1170 2339 1199 2392 ei
1211 2350 1316 2393 seuera
1337 2334 1451 2394 iudicia
1471 2334 1515 2391 cie

351 2436 574 2509 sacristaniis
594 2452 657 2495 esse
677 2435 762 2510 upari
781 2440 894 2495 veteres
908 2438 1051 2511 seriprsiiss
1089 2430 1158 2494 XX
1177 2430 1406 2519 1,13sq.ubi
1425 2452 1513 2518 quae

334 2540 409 2597 “ia
435 2540 519 2599 libris
545 2552 617 2612 quas
638 2537 681 2597 ad
700 2536 769 2597 ΧῙΙ
795 2536 912 2597 tubuas
930 2539 1134 2615 conscripsit
1161 2534 1203 2597 de
1229 2533 1269 2598 L.
1284 2525 1418 2597 Veratio
1444 2543 1513 2596 tra-

361 2637 410 2702 dit
435 2630 631 2701 referuntur.
641 2634 667 2721 ²)
709 2634 761 2701 De
787 2635 881 2699 cuius
906 2634 1187 2721 interpretationis
1214 2634 1341 2699 ratione
1370 2656 1445 2700 eum
1466 2656 1514 2698 ex

360 2738 434 2802 istis
462 2737 609 2823 reliquiis
636 2736 792 2801 iudicium
817 2736 927 2801 faeere
953 2734 1030 2800 lieet
1052 2744 1122 2800 tum
1147 2758 1190 2801 ex
1212 2744 1283 2801 tota
1303 2735 1367 2801 viri
1400 2734 1513 2799 indole

361 2838 492 2926 qualem
525 2837 651 2903 Gellius
685 2839 844 2905 describit
870 2837 959 2902 XIII
987 2838 1043 2920 10,
1071 2840 1089 2901 1
1123 2842 1239 2903 ‘Labeo
1264 2844 1407 2902 Anartius
1435 2844 1514 2900 iuris

361 2947 479 3020 quidem
499 2947 594 3005 ciuilis
614 2946 802 3020 disciplinam
826 2945 995 3020 principali
1017 2944 1115 3004 studio
1139 2947 1278 3004 caerati!
1298 2950 1328 3003 et
1350 2946 1513 3005 consulen—

361 3048 436 3109 tibus
456 3047 494 3107 de
513 3049 579 3106 iare
599 3048 720 3122 publice
740 3048 963 3123 responsiiavit,
987 3047 1058 3121 (sei)
1083 3052 1252 3107 ceterarum
1277 3061 1393 3120 quaque
1412 3045 1513 3103 bena·

361 3166 429 3208 rum
449 3151 558 3208 asaiam
578 3165 636 3209 aaa
657 3166 768 3225 expers
784 3148 848 3221 suit
871 3155 901 3208 ei
918 3150 950 3207 in
968 3151 1199 3221 namneticam
1218 3165 1282 3208 sese
1302 3156 1391 3223 atque
1411 3147 1513 3207 diale-

362 3254 467 3312 cticam
489 3254 649 3327 literaeque
674 3252 857 3326 antiquiores
881 3252 1061 3324 altioresque
1084 3257 1296 3325 penetraverat
1314 3248 1515 3309 Latinamm-

362 3371 419 3429 que
444 3370 545 3414 racina
567 3356 697 3429 oripiaes
719 3356 908 3427 rationesque
927 3355 1138 3427 percalluerat
1160 3370 1279 3427 eaque
1297 3354 1515 3428 praecipue

363 3458 530 3517 scicntia
552 3458 601 3515 ad
620 3457 834 3519 sisenandus
849 3458 1058 3529 plerosque
1077 3456 1178 3514 iuris
1197 3458 1353 3529 laqueos
1377 3453 1515 3512 uteba-

363 3562 451 3629 tur,·’
468 3594 509 3603 -
524 3554 559 3618 id
581 3552 668 3638 quod
690 3553 887 3620 confirmant
908 3551 1038 3637 glossae
1058 3552 1224 3618 Labeonis
1244 3551 1404 3637 plurimae
1423 3550 1516 3636 apud

364 3656 499 3721 Festum
515 3666 676 3723 servatae.
708 3656 859 3742 Apparet
873 3663 982 3719 autem
1003 3653 1085 3719 haee
1104 3653 1278 3719 coniuncta
1298 3650 1516 3718 iureconsulti
1625 3683 1626 3690 1

433 3914 452 3979 ¹)
472 3932 498 3980 p.
518 3918 567 3966 174
585 3914 688 3979 Noxia,
713 3930 739 3979 p.
758 3914 808 3963 210
830 3912 928 3978 pedem
945 3914 1042 3978 struit,
1065 3929 1091 3979 p.
1110 3915 1159 3964 321
1183 3916 1310 3978 sanates,
1334 3927 1361 3977 p.
1380 3913 1430 3962 322
1453 3925 1514 3961 aar·

366 4001 436 4063 cito,
455 4017 482 4066 p.
501 4001 551 4051 376
569 4000 717 4051 vindiciae.

432 4084 453 4149 ²)
472 4085 633 4137 Husolrkius
653 4084 764 4134 ‘Gaius’
783 4098 808 4147 p.
821 4084 871 4132 212
890 4098 916 4133 n.
929 4084 961 4132 21
981 4081 1053 4146 qnod
1064 4083 1206 4135 Labeonis
1224 4082 1258 4133 de
1275 4082 1374 4134 damno
1389 4080 1512 4131 aedilicii

365 4172 448 4235 vitio,
467 4186 522 4221 non
539 4172 568 4221 vi
587 4168 682 4219 divina
700 4167 765 4217 ‹lato
784 4167 892 4232 placita
909 4167 944 4217 D.
963 4170 1006 4230 39,
1025 4167 1250 4232 22154916
1274 4168 1310 4218 ad
1332 4168 1403 4233 legis
1426 4167 1515 4217 inter·

366 4257 550 4321 pretationem
570 4254 671 4317 refert,
691 4268 752 4303 aum
770 4252 840 4303 haee
859 4250 974 4319 exlege
993 4256 1077 4303 cauta
1094 4270 1157 4305 esse
1175 4252 1337 4316 videantur,
1361 4252 1390 4302 id
1413 4250 1516 4302 idoneo

365 4342 546 4391 fundamento
566 4342 651 4388 earet.
688 4336 742 4387 Sed
761 4338 849 4403 possit
867 4338 970 4403 aliquis
989 4340 1076 4389 morbi
1095 4338 1281 4389 definitionem
1300 4337 1373 4403 apud
1392 4336 1515 4387 Gellium

367 4429 438 4477 lva
462 4442 479 4474 a
497 4426 628 4473 Labeone
652 4422 687 4471 nd
711 4422 799 4487 legem
819 4422 893 4486 (112
917 4440 938 4473 a.
958 4422 1018 4488 13)
1043 4422 1202 4474 adnotatam
1226 4423 1406 4488 intellegere,
1430 4436 1516 4485 quam

367 4528 400 4561 ex
419 4510 499 4561 libris
519 4508 552 4559 ad
572 4508 691 4559 edietum
716 4507 846 4559 aedilium
871 4508 1007 4559 curulium
1026 4509 1138 4575 seriptis
1162 4508 1432 4575 repeti'Hnsehkius
1455 4507 1516 4575 opi·

367 4602 450 4645 natur
467 4596 520 4645 lur.
540 4594 624 4647 antei.
643 4610 669 4661 p.
688 4595 721 4644 47
740 4610 767 4645 n.
787 4596 827 4644 16.
