3409 5409
807 484 948 537 'IABVLA
967 483 1043 537 vnt.

846 642 897 706 13.
921 640 1002 727 (14.)

439 739 565 806 Gellius
588 740 629 805 N.
652 741 694 806 A.
718 740 773 805 XI
796 742 850 824 18,
874 742 903 806 8.
942 742 1013 807 ‘Ex
1035 744 1153 808 ceteris
1182 752 1291 809 autem
1314 744 1501 811 manifestis

352 841 482 907 furibus
503 842 626 908 liberos
649 844 818 908 uerberari
839 842 1013 930 addicique
1035 846 1201 910 iusserunt
1223 845 1283 930 (sc.
1306 844 1500 933 decemuiri)

351 944 383 1008 ei
403 946 458 1009 cui
482 945 606 1009 furtum
627 943 753 1009 factum
775 954 879 1027 esset,
903 946 931 1009 si
953 944 1050 1011 modo
1073 947 1107 1011 id
1129 946 1195 1011 luci
1216 947 1374 1011 fecissent
1393 970 1501 1035 neque

352 1069 389 1111 se
411 1046 476 1111 telo
498 1045 741 1130 defendissent3
765 1068 878 1111 seruos
901 1048 980 1113 item
996 1048 1076 1112 furti
1091 1048 1261 1113 manifesti
1275 1071 1412 1135 prensos
1428 1071 1500 1113 uer-

282 1219 285 1225 ,
349 1148 486 1214 boribus
508 1147 606 1212 adfici
627 1159 661 1213 et
683 1171 701 1212 e
723 1171 804 1214 saxo
825 1149 1058 1235 praecipitari;
1089 1149 1149 1214 sed
1169 1171 1288 1237 pueros
1310 1151 1499 1237 impuberes

349 1250 512 1337 praetoris
544 1250 709 1315 arbitratu
739 1251 909 1316 uerberari
941 1250 1115 1317 uoluerunt
1146 1255 1343 1339 noxiamque
1376 1253 1419 1318 ab
1448 1252 1499 1316 his

349 1352 473 1417 factam
492 1352 630 1416 sarciri!

349 1581 426 1640 runt,
450 1576 475 1627 si
497 1581 558 1638 aut,
579 1592 640 1626 cum
657 1576 767 1627 iaceret
783 1576 900 1639 furtum,
921 1592 975 1627 nox
999 1581 1074 1628 esset
1090 1581 1141 1627 aut
1158 1577 1279 1627 interdiu
1298 1577 1355 1629 telo
1373 1594 1414 1653 se,
1435 1594 1498 1629 cum

350 1662 542 1728 prenderetur,
562 1661 750 1712 detenderet’
774 1662 811 1715 cf.
833 1664 848 1724 ξ
867 1662 883 1712 8
906 1659 952 1725 (fr.
972 1661 1026 1727 13).
1062 1662 1120 1717 Cio.
1143 1678 1181 1713 or.
1206 1679 1232 1728 p.
1252 1664 1357 1713 Milone
1375 1666 1403 1729 3,
1422 1666 1438 1713 9
1457 1666 1497 1725 (et

351 1748 416 1798 inde
439 1746 630 1811 Quintilianus
648 1748 737 1810 vlt,
757 1748 797 1797 18.
820 1746 922 1797 Collat.
942 1747 1016 1813 legg.
1041 1750 1111 1799 Mos.
1135 1752 1164 1797 et
1185 1748 1263 1798 Rom.
1283 1749 1312 1811 t,
1332 1746 1358 1813 1)
1383 1748 1498 1813 ‘quodsi

350 1825 495 1882 duodecim
514 1832 630 1882 tabulae
647 1836 811 1881 nocturnum
828 1832 916 1881 iurem
935 1846 1043 1897 quoquo
1062 1832 1155 1897 modo,
1173 1832 1298 1882 diurnum
1318 1836 1410 1882 autem
1424 1834 1448 1883 si
1467 1848 1496 1883 se

349 1916 407 1966 telo
425 1902 600 1975 defenderet,
618 1914 738 1965 interfici
755 1916 865 1980 impune
883 1915 1045 1979 uoluerunt,
1065 1918 1126 1981 quis
1145 1921 1188 1967 est
1207 1918 1268 1982 qui,
1287 1932 1397 1982 quoquo
1416 1918 1496 1968 modo

350 2002 411 2065 quis
424 2000 590 2051 interfectus
601 2001 648 2060 sit,
666 1998 833 2065 puniendum
851 2005 939 2065 putet,
956 2015 1015 2050 cum
1029 2000 1124 2053 uideat
1142 2001 1292 2067 aliquando
1311 2002 1434 2066 gladium
1448 2018 1496 2051 uo·

349 2087 392 2136 bis
411 2086 446 2135 ad
463 2086 601 2136 homiaem
619 2084 801 2136 occidendum
819 2085 855 2134 ab
874 2085 943 2151 ipsis
960 2086 1063 2151 porrigi
1077 2086 1219 2153 legibnst’
1255 2086 1431 2153 Epitornator
1445 2088 1495 2137 Se-

349 2186 436 2221 necae
455 2175 580 2222 controu.
598 2170 624 2219 X
642 2171 666 2232 6,
685 2171 702 2220 4
720 2168 758 2233 (in
775 2172 856 2234 Ipsius
873 2169 988 2221 Senecae
1006 2170 1078 2221 titrIa
1095 2171 1158 2221 haee
1174 2187 1241 2236 pare
1256 2170 1401 2238 intercidit)
1421 2172 1495 2223 ‘Lex

349 2270 421 2321 quae
433 2260 597 2306 nocturnum
609 2255 697 2305 turem
716 2254 807 2305 occidi
825 2268 934 2319 quoquo
953 2256 1032 2305 modo
1050 2255 1135 2318 iubet,
1154 2271 1209 2305 non
1228 2254 1262 2305 de
1281 2255 1412 2306 damnato
1432 2262 1494 2307 tan-

348 2346 419 2401 tum,
438 2341 487 2392 sed
505 2341 540 2390 de
559 2341 620 2390 fure
637 2339 778 2405 quuitur.’
813 2340 986 2405 Augustinus
1005 2340 1119 2401 Quaest.
1142 2340 1171 2389 Iu
1189 2340 1302 2406 Heptat.
1321 2341 1400 2392 1184
1419 2342 1495 2392 ‘Hoc

349 2431 378 2475 et
399 2427 428 2476 in
452 2426 563 2492 legibus
586 2426 710 2489 antIquIs
738 2414 918 2474 secularibus
935 2460 1072 2477 ......
1096 2426 1239 2474 iuuenitur
1265 2425 1377 2491 Impune
1404 2426 1497 2477 occidi

347 2515 510 2561 nocturnum
528 2510 617 2559 iurem
635 2508 855 2574 quoquomodo,
874 2508 1001 2559 diurnum
1020 2513 1113 2559 autem
1136 2510 1160 2558 si
1183 2524 1212 2559 se
1235 2510 1293 2560 talo
1316 2510 1495 2561 defenderit‘

348 2595 440 2648 Sobel.
453 2596 519 2646 Vat.
534 2594 570 2644 ad
582 2611 620 2646 or.
639 2611 666 2660 p.
684 2594 743 2643 Mil.
762 2597 787 2656 3,
806 2594 822 2642 6
840 2597 923 2658 ‘quae
944 2592 995 2656 (so.
1008 2594 1061 2643 XII
1077 2591 1203 2656 tabulae)
1221 2592 1390 2659 grassatoris
1409 2596 1495 2645 inter·

346 2680 459 2731 sciendi
481 2683 648 2746 potestatem
675 2679 784 2729 iaciunt
809 2693 860 2743 per
885 2677 956 2726 diam
985 2678 1008 2727 si
1034 2680 1156 2727 amatus
1183 2679 1294 2739 ueniat,
1318 2684 1402 2730 noctu
1427 2696 1495 2731 uero

347 2764 552 2830 quoquomodo
569 2765 701 2816 uenatus
735 2762 799 2827 vlp.
817 2761 837 2811 1.
856 2761 948 2812 xv111
966 2762 1001 2812 aa
1019 2762 1070 2814 sa.
1091 2760 1160 2813 0011.
1180 2762 1207 2813 11.
1228 2764 1258 2825 r,
1278 2766 1308 2828 a,
1327 2750 1343 2814 2'
1362 2764 1494 2815 ‘Proinde

332 2846 371 2901 'si
390 2850 479 2900 iurem
495 2854 671 2913 nocturnum,
690 2863 770 2913 quem
789 2847 833 2896 Iex
850 2845 993 2897 duodecim
1011 2846 1170 2897 tabularum
1189 2849 1263 2897 omni
1281 2848 1360 2900 modo
1380 2851 1492 2915 permit·

346 2938 381 2985 tit
398 2934 539 2997 occidere,
558 2939 608 2985 aut
625 2933 766 2994 diurnum,
785 2945 867 2994 quem
889 2946 976 2996 aeque
1001 2931 1045 2981 Iex
1064 2932 1213 2997 permittit,
1236 2932 1286 2982 sed
1309 2935 1350 2985 ita
1374 2932 1492 2995 demum,

346 3022 370 3070 si
389 3036 420 3070 se
437 3018 494 3069 telo
512 3018 658 3069 defendat:
678 3016 822 3067 uideamus
841 3030 878 3064 au
895 3016 957 3081 Iege
972 3016 1083 3081 Aquilia
1101 3019 1250 3068 teneatur)
1270 3019 1306 3068 cl'.
1326 3020 1363 3070 ib.
1376 3022 1400 3069 2.
1421 3021 1493 3071 Pan-

345 3104 387 3155 ius
406 3104 426 3154 I.
444 3104 521 3153 Seut.
540 3104 565 3169 Y
582 3106 629 3165 28,
648 3104 673 3151 2.
708 3100 771 3151 Gai.
789 3099 809 3148 I.
827 3098 897 3150 XIII
915 3100 950 3150 ad
968 3101 1017 3153 Ed.
1036 3116 1113 3165 prou.
1137 3102 1172 3150 D.
1191 3103 1233 3165 47,
1252 3104 1281 3166 2,
1301 3105 1335 3154 ot
1352 3105 1368 3165 5
1386 3107 1402 3154 2
1423 3106 1492 3155 ‘Fu-

346 3204 404 3239 rem
422 3188 544 3238 interdiu
562 3185 764 3251 deprehensum
783 3198 838 3233 non
857 3184 941 3235 aliter
958 3183 1084 3236 occidere
1109 3184 1153 3235 lex
1172 3186 1316 3237 duodecim
1334 3189 1493 3240 tabularum

345 3274 473 3339 permisIt
491 3286 573 3337 quam
592 3272 617 3320 si
632 3269 692 3320 telo
710 3284 740 3320 se
758 3267 907 3332 defeudat3
926 3269 978 3319 teli
996 3274 1089 3319 autom
1103 3270 1292 3336 appellatione
1306 3276 1335 3322 et
1348 3273 1451 3325 ferrum
1465 3280 1493 3325 et

310 3350 314 3358 '
345 3359 430 3409 fastis
447 3363 477 3408 et
493 3357 568 3423 lapis
587 3360 615 3407 et
632 3355 752 3420 denique
772 3370 850 3405 omne
870 3353 941 3419 quod
958 3356 1078 3405 nocendi
1100 3370 1187 3405 causa
1209 3355 1328 3429 habetur
1350 3358 1493 3422 signitica-

345 3448 409 3495 tur!
445 3443 488 3494 Id.
506 3443 526 3492 l.
544 3442 558 3493 1
577 3440 612 3491 ad
628 3440 720 3506 Iegem
738 3440 793 3490 XII
811 3438 977 3489 tabularum.
996 3439 1030 3488 D.
1043 3442 1084 3501 50,
1101 3441 1142 3503 16,
1155 3442 1205 3491 233
1217 3440 1260 3502 §2
1280 3441 1390 3493 ‘Telum
1407 3444 1491 3510 uulgo

347 3529 457 3594 quidem
474 3526 503 3577 id
520 3525 679 3594 appellatur
695 3524 767 3590 quod
785 3525 821 3575 ab
840 3537 908 3573 arou
926 3524 1059 3586 mittitur,
1078 3524 1126 3575 sed
1150 3540 1223 3575 nune
1247 3541 1326 3577 omne
1349 3528 1491 3593 significa-

344 3618 390 3665 tur
408 3614 480 3678 quod
498 3611 617 3662 mittitur
634 3624 727 3661 manu.
762 3611 807 3660 Ita
824 3608 958 3671 sequitur,
977 3612 1008 3657 ut
1026 3614 1055 3659 et
1072 3608 1146 3675 lapIs
1170 3614 1198 3660 et
1216 3610 1323 3677 lignum
1342 3617 1370 3663 et
1389 3612 1492 3665 terrum

344 3698 398 3749 hoc
414 3699 525 3749 nomilia
543 3692 728 3747 contineatur’
748 3710 773 3743 e.
792 3708 818 3757 q.
837 3706 860 3743 s.
879 3692 1006 3744 id.1nst.
1025 3694 1056 3757 4,
1077 3694 1108 3743 18
1126 3694 1141 3755 5
1159 3697 1183 3744 5.

413 3786 455 3833 13.
475 3782 561 3833 Gaius
579 3782 648 3832 last.
666 3780 709 3830 III
729 3780 777 3829 189
796 3778 903 3827 ‘Poena
921 3776 1064 3827 manifesti
1083 3779 1149 3828 furti
1167 3796 1200 3829 ex
1219 3779 1283 3845 lege
1302 3780 1356 3831 XII
1380 3782 1490 3834 tabula·

343 3882 402 3918 rum
421 3866 552 3933 capitalis
571 3870 643 3917 erat:
662 3880 727 3915 nam
745 3863 818 3913 liber
834 3860 999 3911 uerberatos
1017 3861 1199 3914 addicebatur
1218 3864 1245 3915 ei
1263 3868 1308 3915 cui
1328 3866 1430 3917 lurtum
1449 3868 1491 3919 fe-

343 3958 422 4004 cerat
445 3990 479 4006 ..
504 3949 626 4017 (sor)uus
650 3963 740 4012 aeque
764 3942 939 4007 uerberat(us
958 3961 973 3995 e
992 3960 1059 3997 saxo
1083 3946 1279 4017 deiciebaturl’
1304 3951 1344 4013 tin
1368 3954 1403 4002 eir
1419 3948 1424 4018 Ι
1442 3956 1490 4017 atq

344 4038 484 4090 uerberat.
503 4064 536 4075 -
552 4061 587 4073 ·—
605 4034 698 4087 Sched.
716 4033 800 4095 suppl.
815 4029 1014 4091 hartmannus).
1051 4032 1087 4081 ci.
1106 4032 1232 4099 Theoph.
1245 4034 1309 4087 Par.
1322 4036 1346 4085 1.
1358 4038 1383 4099 4,
1404 4040 1435 4087 12
1448 4054 1489 4104 pr.

342 4120 605 4174 ὁδυωδεκάδελτο(
622 4114 772 4178 ἐπινοήεα(
789 4112 844 4174 τὴν
861 4112 929 4163 furti
947 4114 1102 4179 κεφαλικὴν
1120 4117 1192 4168 κατὰ
1205 4120 1257 4168 τοί)
1271 4118 1395 4171 κλέπτου
1408 4120 1491 4185 spice

342 4204 495 4272 τιμωρίαν,
513 4204 530 4255 ὁ
547 4204 578 4254 δὲ
600 4198 730 4265 πραίτωρ
749 4196 924 4261 χρηματικήν
942 4198 1003 4249 κτλ.
1039 4201 1145 4251 Gallina
1163 4202 1196 4252 N.
1215 4205 1247 4253 Α.
1267 4204 1317 4253 XX
1337 4208 1365 4270 1,
1385 4208 1400 4256 7
1419 4208 1492 4258 ‘nisi

341 4294 437 4342 duram
461 4306 524 4342 esse
545 4289 636 4354 legem
658 4289 754 4351 putas,
779 4297 851 4347 quae
870 4316 878 4332 .
898 4316 905 4331 .
926 4318 959 4334 ..
984 4286 1032 4333 arrt
1054 4300 1124 4349 quae
1147 4288 1236 4338 iurem
1261 4291 1440 4341 manifestum
1464 4294 1492 4342 ei

340 4380 386 4429 cui
404 4378 507 4427 furtum
526 4374 631 4424 iactum
649 4374 693 4420 est
711 4371 740 4418 in
758 4366 920 4417 seruitutem
939 4368 1044 4419 tradIt.’
1081 4370 1121 4420 Id.
1134 4372 1173 4422 vt
1186 4373 1263 4437 (VII)
1284 4376 1325 4438 15,
1346 4378 1358 4424 1
1379 4376 1488 4427 ‘Labeo

339 4465 369 4513 in
387 4462 460 4514 libro
478 4458 512 4511 de
529 4456 673 4512 duodecim
691 4452 798 4503 tabulis
816 4452 936 4502 secundo
955 4455 1033 4503 acria
1051 4458 1080 4506 et
1098 4471 1198 4505 seuera
1217 4456 1322 4508 initote
1346 4458 1380 4509 de
1405 4460 1489 4511 iurtIa

339 4548 440 4597 habita
457 4560 519 4597 esse
538 4542 610 4611 apud
628 4546 740 4591 ueteres
757 4538 890 4603 scripsit.’
927 4538 1040 4589 Seruius
1065 4539 1099 4589 ad
1118 4540 1185 4590 Aen.
1206 4542 1273 4593 VIII
1292 4545 1342 4593 205
1361 4548 1425 4611 ‘pro
1445 4548 1487 4597 In-
