3409 5409
330 499 371 562 32
747 511 859 561 cnrvr
882 511 1057 562 arnnuvu.

329 668 506 734 verborum
533 688 617 752 quae
645 668 831 732 communia
851 667 1021 749 dicuntur,
1048 667 1083 732 id
1109 677 1160 733 est
1186 667 1419 754 deponentium
1446 677 1483 734 et

330 769 438 835 active
453 778 486 833 et
500 771 633 856 passive
647 778 881 856 usurpatorum
892 769 918 856 ¹)
935 767 977 834 ad
992 769 1131 835 verbum
1146 770 1291 837 testandi
1307 771 1387 836 haec
1398 771 1482 836 citat

329 875 460 936 ‘Aezen-
482 876 607 951 inpubes
624 877 768 952 libripens
781 893 844 936 esse
859 891 917 935 non
936 883 1031 951 potest
1048 893 1142 952 neque
1161 880 1316 937 antestari.
1346 877 1482 954 προδια-

334 973 626 1060 numennumen
658 979 806 1040 ‘Laelius'
822 981 899 1038 ante
912 973 1087 1041 Hertzium
1103 973 1301 1060 vulgabatur
1322 997 1365 1040 ex
1384 974 1480 1040 libris

297 1149 301 1152 ,
333 1076 568 1142 deterioribus:
586 1086 622 1142 at
637 1079 710 1141 eu'm
720 1077 755 1140 in
766 1076 1064 1159 Halberstadiensi‚
1077 1099 1173 1164 quem
1185 1077 1302 1142 ceteris
1312 1073 1480 1165 praetulit,

328 1177 486 1246 Krehlius
512 1178 652 1243 referret
677 1189 791 1245 extare
818 1185 955 1258 ‘celius’,
984 1179 1062 1244 inde
1089 1178 1125 1243 O.
1149 1178 1236 1245 Aelii
1261 1201 1379 1244 nomen
1403 1202 1480 1246 oum

332 1303 460 1346 summa
474 1282 626 1347 veritatis
642 1281 761 1368 speeie,
777 1281 806 1345 si
821 1289 1048 1366 argumentum
1064 1290 1203 1368 spectas,
1217 1283 1365 1370 reposuit
1375 1279 1478 1346 Lach-

330 1405 469 1448 mannus
489 1383 524 1448 in
544 1383 666 1450 Annal.
687 1384 749 1448 iur.
773 1384 888 1450 soient.
909 1383 1023 1450 histor.
1047 1383 1101 1448 XI
1117 1384 1177 1448 116
1199 1386 1246 1469 (et
1265 1383 1308 1450 ad
1324 1381 1477 1451 Gaiuml

280 1620 284 1626 ·
413 1588 486 1654 Iam
500 1611 579 1656 vero
596 1609 671 1654 eum
685 1611 751 1654 non
766 1598 894 1655 tantam
910 1587 1086 1654 esseillius
1109 1589 1230 1655 codicis
1247 1590 1476 1657 auctoritatem

222 1721 227 1732 ¹
329 1713 416 1756 nuno
431 1692 563 1779 quidem
579 1692 658 1757 satis
674 1691 878 1777 exploratum
895 1689 939 1756 sit
953 1691 1052 1779 idque
1071 1693 1180 1778 ipsum
1195 1713 1273 1757 num
1289 1699 1405 1758 ‘cetius'
1421 1715 1476 1758 ex·

331 1803 379 1859 tet
392 1816 508 1881 parum
524 1794 649 1879 liqueat
664 1792 722 1878 (ef.
737 1793 895 1858 Hertaius
917 1794 959 1859 ad
974 1793 1028 1878 1.),
1050 1816 1092 1858 ex
1111 1796 1309 1880 optimorum
1329 1795 1476 1861 codicum

330 1896 494 1984 scriptura
509 1900 647 1961 ‘metitis’
662 1933 705 1944 —-
719 1917 804 1981 quae
818 1896 935 1961 eadm
950 1905 1001 1961 est
1020 1896 1055 1960 in
1071 1895 1264 1977 Quintiliani
1278 1896 1476 1984 Guelferby-

329 2007 406 2065 tano
432 1997 591 2085 simplicis
613 1997 755 2062 nominis
776 1997 922 2063 ‘Aelius’
943 1998 1108 2084 corruptio
1137 2037 1176 2046 --
1201 1997 1357 2064 Hertnius
1384 1997 1478 2064 dedit

329 2104 470 2177 ‘nelina
485 2100 526 2165 de
546 2121 582 2164 re
597 2100 699 2166 nihilo
714 2101 816 2164 setius
830 2100 1043 2166 Lachmanno
1065 2099 1328 2187 adstipulatus.³)
1360 2100 1421 2166 Cui
1436 2123 1477 2166 ne

329 2203 402 2289 ipse
417 2223 546 2289 quoquc
566 2199 763 2289 adstipuler,
784 2213 915 2289 praeter
935 2201 1017 2267 illud
1039 2203 1127 2288 quod
1147 2203 1242 2289 posui
1265 2201 1365 2268 Gellii
1386 2201 1477 2268 locus

330 2304 414 2370 facit
426 2303 468 2368 N.
486 2305 528 2368 A.
544 2303 610 2369 XV
629 2305 682 2386 13,
700 2304 754 2368 11:
777 2306 832 2390 qui
852 2326 927 2369 cum
948 2303 1047 2390 plane
1068 2304 1184 2372 eodem
1203 2303 1340 2370 consilio
1361 2306 1476 2370 verbo·

328 2427 403 2470 rum
418 2407 636 2471 communium
652 2416 864 2492 conspectum
879 2414 970 2492 agat,
990 2407 1025 2470 in
1044 2427 1083 2472 eo
1104 2429 1239 2472 numero
1259 2416 1292 2472 et
1311 2407 1383 2494 ipse
1405 2429 1477 2472 ver-

329 2509 407 2573 bum
428 2507 518 2595 quod
538 2518 590 2574 est
611 2515 734 2574 ‘testor’
755 2507 858 2573 refert
877 2507 992 2573 addito
1013 2508 1163 2596 exemplo
1184 2531 1226 2574 ex
1247 2509 1318 2574 XII
1337 2507 1475 2576 tabulis:

330 2614 402 2686 ‘oni
418 2631 450 2674 se
467 2615 552 2674 sierit
571 2617 708 2675 testarier
730 2615 909 2690 libripensoe
926 2613 1038 2687 suerit,
1066 2616 1100 2674 ni
1117 2617 1310 2677 testimoninm
1328 2615 1477 2689 feriatur,

329 2717 472 2792 inprobus
485 2717 713 2793 intestabilisque
727 2717 808 2778 esto.’
838 2712 981 2794 Quodsi
1001 2733 1074 2777 eum
1090 2713 1251 2778 Prisciani
1272 2712 1342 2780 loco
1365 2719 1477 2780 eontu-

329 2814 407 2881 leris
416 2863 425 2898 ,
439 2823 579 2902 auoque
594 2835 703 2880 raram
718 2836 832 2880 vocem
848 2819 1009 2894 ‘libripens
1017 2815 1187 2900 {iunctam
1202 2839 1275 2882 cum
1296 2837 1372 2882 raro
1392 2817 1477 2881 eius·

331 2917 406 2982 dem
437 2915 530 2982 verbi
561 2938 624 2981 usu
656 2917 791 3003 passivo
817 2915 1051 3002 deprehendis:
1084 2917 1162 3003 quid
1191 2918 1293 3002 igitur
1322 2915 1412 2982 aliud
1442 2919 1478 2982 in

330 3028 483 3106 promptu
498 3025 549 3083 est
563 3027 707 3086 statuere
721 3019 785 3082 nisi
800 3019 939 3084 alterurn
955 3017 997 3084 ad
1013 3017 1151 3083 alterum
1166 3020 1330 3106 respicere
1344 3021 1391 3087 ita
1409 3021 1478 3107 qui·

331 3121 422 3205 dem,
448 3128 487 3185 ut
511 3119 593 3204 legis
619 3121 724 3187 verba
745 3122 787 3186 ab
809 3118 904 3186 Aelio
926 3121 1110 3186 accuratius
1133 3121 1277 3186 describi
1305 3120 1478 3188 dieantur?

333 3221 450 3310 Neque
465 3223 551 3288 enim
567 3221 662 3287 aliter
676 3223 812 3305 offensio
833 3221 960 3288 tollitur
974 3245 1072 3311 quam
1093 3245 1158 3288 non
1173 3225 1243 3288 sine
1259 3245 1376 3289 caussa
1398 3247 1477 3292 ncn-

403 3462 424 3530 ¹)
443 3465 535 3517 Verbo
554 3481 760 3518 commemorem
779 3481 840 3519 eam
860 3463 1095 3518 enumerationem
1119 3465 1172 3515 etsi
1189 3470 1265 3517 recte
1283 3463 1480 3518 Lachmannua

335 3548 458 3601 ailimrat
476 3567 494 3601 a
512 3551 583 3603 bono
603 3556 716 3603 auctore
734 3556 829 3604 vetere
851 3552 1006 3618 prolectam
1026 3565 1100 3610 esse,
1117 3555 1215 3602 'tamen
1237 3566 1310 3602 nunc
1332 3553 1399 3603 mire
1422 3555 1479 3602 tnr-

332 3635 430 3686 batam
453 3635 511 3702 legi
538 3652 572 3687 ac
594 3618 684 3688 videri
711 3653 745 3688 ex
768 3637 873 3688 dnobus
897 3637 990 3702 potius
1016 3634 1140 3686 fontibus
1168 3635 1315 3686 conflatam
1345 3651 1422 3701 esse,
1445 3653 1481 3690 ex

337 3725 417 3785 parte
436 3722 521 3771 ctiam
539 3721 750 3788 interpolatam:
768 3737 851 3788 quam
869 3737 927 3772 rem
946 3721 1003 3772 alio
1022 3719 1084 3772 loco
1102 3719 1213 3772 uberius
1231 3737 1390 3788 persequar.

403 3805 425 3871 ²)
444 3805 643 3872 προεδιαμαρτ.
663 3807 802 3858 Salmasio
820 3811 973 3873 praeeunte
986 3805 1190 3868 hartmannus,
1210 3811 1240 3856 at
1258 3823 1293 3860 ea
1306 3810 1478 3860 correctione

335 3907 390 3942 non
408 3905 477 3957 opus
496 3897 547 3945 est.
583 3893 620 3944 ci.
639 3893 792 3959 Porphyrio
811 3891 846 3942 ad
864 3892 963 3942 Horat.
983 3890 1042 3942 Sat.
1062 3891 1075 3941 1
1093 3893 1123 3956 n,
1141 3891 1178 3950 65Ι
1199 3895 1335 3944 ‘antestari
1357 3901 1395 3943 est
1417 3907 1479 3956 erqo

334 3985 406 4027 unte
424 3979 531 4039 testari,
548 3979 647 4030 scilieet
663 3987 798 4045 antequam
814 3993 912 4028 manum
929 3977 1049 4027 inieiut’:
1068 3991 1140 4040 quac
1159 3977 1231 4028 male
1253 3978 1367 4029 vexavit
1388 3977 1478 4029 noris-

333 4063 418 4113 simus
441 4063 539 4116 editor.
579 4064 758 4130 Eandemque
786 4061 955 4116 sententiam
981 4061 1106 4128 pluribus
1135 4064 1281 4128 exequitur
1308 4061 1479 4114 Bitscheliur

333 4147 404 4198 Mur.
423 4147 464 4203 rh.
476 4149 531 4201 VII
548 4151 608 4202 ota.
636 4150 807 4216 Quamquam
827 4148 920 4213 aptius
938 4147 967 4196 ni
985 4145 1069 4200 iallor
1086 4161 1146 4198 cum
1165 4149 1277 4201 ‘andelo’
1296 4149 1349 4200 hcc
1366 4147 1480 4200 verbum

335 4234 500 4300 coniungas:
522 4239 553 4285 ut
571 4236 741 4302 praepositio
759 4249 811 4301 par
834 4234 872 4286 sit
889 4247 1008 4298 graecae
1026 4229 1094 4298 ἀνά,
1118 4233 1205 4286 umbr.
1224 4249 1274 4288 an.
1310 4233 1346 4285 oi.
1365 4233 1479 4284 Lottne·

334 4333 381 4370 rus
399 4321 429 4370 in
447 4319 540 4370 liuhai
556 4319 656 4374 Annal.
674 4320 729 4373 vn
746 4337 772 4386 p.
791 4319 833 4370 21.
1140 4350 1143 4357 ν

402 4403 423 4467 ³)
441 4405 546 4456 Probat
568 4406 652 4456 etiam
675 4405 831 4457 Rudoriiius
854 4403 888 4454 H.
913 4403 931 4452 i.
950 4419 972 4453 r.
990 4401 1005 4454 I
1022 4420 1048 4472 p.
1067 4405 1117 4455 236
1136 4420 1170 4455 oc
1194 4409 1265 4456 ‘non
1288 4406 1349 4457 sine
1372 4402 1481 4454 dubita-

335 4488 430 4540 tione’
447 4490 609 4541 Huschkius
627 4491 682 4543 Inr.
695 4496 753 4545 ant.
772 4507 799 4557 p.
811 4491 859 4541 29:
878 4488 912 4539 de
925 4489 1025 4540 Laelio
1038 4489 1132 4541 Felice
1152 4491 1235 4542 etiam
1253 4489 1381 4558 intellegi
1399 4505 1480 4558 posse

336 4591 370 4625 es
387 4575 519 4627 librorum
535 4574 587 4625 tide
606 4577 737 4643 opinatur
754 4593 781 4644 p.
800 4579 833 4626 ’13
850 4579 907 4628 not.
