3409 5409
405 551 453 599 nn
475 549 661 600 nvonnctu
684 548 898 597 naevnsuvu
919 543 1093 595 unuoau.
1213 525 1217 534 ’
1302 530 1324 595 3

175 712 245 768 tum
267 713 365 769 eeeet'
376 704 507 775 sublata
528 713 604 769 eunt
614 704 656 789 1);
684 702 783 768 etiem
804 700 963 767 Plaetorii
987 700 1232 788 plebeiscitum‚
1258 723 1322 787 quo

174 806 330 891 temporie
346 806 466 891 agendi
481 806 555 871 finis
571 804 667 871 aliter
681 814 781 893 atque
796 826 838 869 ex
854 801 927 889 lege
941 802 1139 870 constitutae
1155 802 1256 886 eost),
1271 802 1323 867 his

178 946 382 955 -ι--ι-υ-

244 1028 264 1095 ¹)
283 1030 421 1097 Ulpianus
438 1031 473 1081 l).
491 1033 516 1093 9,
534 1032 561 1095 2,
580 1032 604 1081 1.

242 1113 264 1179 ²)
284 1116 456 1181 Quamquam
474 1114 508 1167 de
528 1128 690 1181 enprorsus
714 1114 852 1167 diversam
878 1112 1047 1163 seutentiam
1069 1112 1188 1179 protulit
1209 1111 1241 1165 0.
1260 1111 1324 1164 lah·

175 1200 239 1251 nius
258 1216 291 1251 ex
310 1200 455 1254 Censorini
471 1200 534 1251 loco
552 1200 586 1251 de
604 1200 650 1251 die
668 1204 727 1253 nat.
746 1215 770 1250 o.
789 1201 823 1249 24
845 1199 927 1270 ‘Hinc
949 1212 1112 1263 supremo:
1129 1199 1246 1264 ‘quesnois
1266 1201 1325 1263 plu-

174 1288 234 1337 rimi
248 1280 390 1351 supremam
405 1293 466 1351 poet
484 1301 600 1336 occasum
616 1285 678 1337 solis
700 1298 756 1337 eece
774 1284 936 1343 existimant,
960 1284 1120 1349 quieceret
1139 1282 1200 1333 XII
1218 1282 1324 1333 tabulis:

175 1370 268 1422 “Solis
286 1386 392 1422 occutus
408 1386 528 1435 mpremo
551 1376 687 1435 tempestae
710 1372 797 1423 eeto.'’
832 1368 888 1420 Sed
903 1375 997 1434 possea
1013 1368 1052 1419 M.
1070 1369 1218 1420 Plaetorius
1235 1376 1269 1418 tr.
1287 1372 1324 1433 pl.

174 1456 264 1505 eoittoa
282 1457 339 1505 tulit
355 1461 381 1505 in
398 1470 446 1522 quo
464 1457 586 1521 scriptum
603 1462 656 1505 eet:
675 1454 811 1505 “Praetor
828 1454 941 1504 urbanae
959 1456 1002 1520 qai
1018 1469 1084 1504 nunc
1100 1461 1139 1504 eet
1151 1455 1242 1520 quique
1251 1460 1324 1518 post·

176 1540 225 1591 doc
239 1541 300 1603 fuet
317 1539 374 1604 (fiat
391 1539 481 1601 codd)
499 1541 549 1591 duo
566 1542 670 1591 lictores
687 1542 759 1607 apud
773 1556 802 1591 ee
820 1538 913 1591 habeto
929 1544 1001 1605 leque
1019 1538 1052 1602 (a.
1071 1538 1163 1605 ireque)
1181 1554 1325 1605 supremam

176 1628 214 1677 od
227 1629 306 1677 soleta
323 1640 438 1677 oceasum
455 1627 543 1691 imque
561 1626 628 1677 inter
645 1627 712 1677 cives
729 1626 839 1679 dioit0.”
864 1624 944 1686 Quae
961 1623 1048 1674 verba
1058 1624 1174 1675 Iahnius
1188 1622 1219 1677 Ο.
1232 1624 1323 1675 Lach-

176 1712 273 1761 manni
292 1711 454 1762 coniectura
473 1714 582 1776 ‘usque
599 1713 751 1775 supremoos’
769 1710 847 1760 niens
866 1710 895 1759 in
908 1724 971 1760 eam
982 1712 1089 1774 partem
1102 1710 1222 1774 accepit¹
1243 1710 1325 1773 quasi

176 1795 231 1847 hac
248 1795 310 1863 lege
329 1796 421 1847 iussus
440 1798 516 1847 esset
527 1798 640 1861 praetor
658 1800 774 1861 ‘usque
787 1795 829 1845 ine
842 1794 936 1847 dicere
949 1810 1009 1861 per
1020 1808 1176 1860 supremam
1190 1792 1225 1843 ad
1236 1794 1326 1860 ipsum

177 1880 263 1932 solem
282 1896 425 1940 occasum,
446 1880 499 1931 etsi
518 1895 620 1947 praeco
638 1896 793 1947 supremam
806 1880 891 1947 paulo
904 1885 969 1931 ante
981 1878 1050 1931 solie
1062 1893 1193 1930 occasum
1205 1895 1325 1945 pronun·

175 1967 279 2018 tiaseet
292 1971 320 2019 et
331 1966 438 2018 iudices
450 1964 622 2017 dimisisset.’
645 1966 735 2016 Athis
753 1966 806 2016 etei
818 1963 960 2017 Rudorilio
977 1978 1085 2030 qnoque
1102 1965 1227 2030 probatis
1240 1965 1326 2026 (Hiat.

176 2054 232 2105 lar.
245 2052 321 2103 Rom.
334 2054 349 2104 1
362 2052 460 2105 103.11
474 2054 507 2103 66
519 2051 556 2115 n.)
571 2051 696 2116 equidem
709 2050 875 2117 adstipulari
887 2052 1048 2115 neutiquam
1061 2064 1181 2115 possum.
1202 2051 1325 2116 Namque

177 2152 239 2188 curn
257 2138 327 2189 mira
345 2138 411 2187 hinc
430 2136 551 2189 efficitur
569 2141 654 2201 atque
673 2136 793 2187 molesta
812 2135 937 2189 eiusdem
955 2138 997 2187 rei
1013 2137 1043 2185 in
1061 2140 1178 2200 utraque
1201 2134 1265 2201 lege
1281 2149 1325 2187 re·

177 2223 290 2289 petitio;
308 2227 449 2273 tumuere
468 2222 542 2274 omni
559 2221 613 2273 fido
632 2226 710 2273 caret
726 2226 907 2289 praeceptum
924 2221 979 2271 ΧΠ
1002 2220 1073 2287 legio
1092 2220 1242 2285 aliquando
1260 2222 1326 2272 abo-

177 2305 258 2357 litum
276 2307 363 2357 luisse
383 2310 412 2358 et
429 2306 492 2373 lege
510 2306 654 2357 Plaetoria
672 2307 840 2357 restitutum.
867 2308 952 2357 Immo
970 2306 1037 2372 quid
1055 2306 1097 2357 rei
1114 2305 1152 2356 sit
1170 2307 1326 2357 certIasims

180 2390 273 2442 elucet
292 2408 325 2442 ex
336 2391 469 2443 Varronis
488 2391 521 2441 de
540 2390 559 2441 l.
573 2390 591 2441 l.
611 2390 671 2443 loco
689 2391 729 2443 Vl
747 2394 763 2443 ὅ
782 2391 921 2456 ‘Suprema
936 2408 1053 2443 mmmm
1071 2393 1136 2450 diei,
1158 2393 1187 2443 sd
1203 2408 1220 2442 a
1236 2408 1327 2456 euper-

177 2479 250 2527 rimo.
287 2476 346 2527 Hoc
363 2482 461 2542 tempue
479 2473 539 2524 XII
558 2474 659 2526 tabulae
682 2478 768 2527 dicunt
788 2492 905 2527 οεεαεειει
926 2491 983 2527 esee
999 2478 1076 2527 solie:
1097 2478 1146 2527 sed
1167 2484 1261 2541 posteo
1282 2480 1327 2527 lece

86 2560 88 2563 ’
177 2562 312 2613 Plaetorio
330 2562 358 2612 io
375 2576 474 2627 quoque
486 2566 583 2625 ternpue
601 2560 669 2611 iubet
680 2576 736 2612 ease
748 2576 897 2627 eapremam,
916 2576 965 2627 quo
976 2576 1073 2625 praeco
1085 2564 1113 2611 in
1124 2563 1225 2612 comitio
1236 2578 1327 2627 eupre-

177 2664 241 2698 mom
257 2648 433 2713 pronuntiarit
449 2648 566 2712 populo)
588 2646 649 2708 Quo
667 2645 728 2697 loco
747 2646 800 2697 duo
818 2644 901 2697 simul
919 2645 1079 2698 edocemur:
1097 2648 1214 2713 primum
1226 2662 1326 2714 reapse

179 2733 343 2799 abrogatam
362 2746 424 2785 esse
444 2731 586 2797 antiquam
609 2730 699 2797 legem
723 2748 740 2782 a
757 2730 899 2783 Plaetorio
922 2732 963 2782 ita
987 2732 1110 2798 quidem,
1134 2736 1165 2784 ut
1187 2748 1236 2799 pro
1259 2732 1327 2783 eolis

179 2833 282 2869 occaau
298 2842 333 2855 -
350 2831 423 2883 quae
446 2820 490 2867 eet
513 2817 624 2883 proprie
647 2830 777 2884 suprema
798 2820 951 2882 tempestae
967 2842 1003 2854 -
1019 2816 1081 2868 finis
1104 2821 1274 2870 statueretur
1298 2818 1327 2869 id
1358 2847 1361 2856 ι

178 2907 300 2970 tempus,
329 2917 382 2967 quo
405 2916 562 2969 suprema
584 2904 882 2968 pronuntiaretur,
909 2901 938 2952 id
961 2908 1006 2954 est
1027 2907 1100 2955 teste
1121 2903 1213 2955 Plinio
1237 2904 1274 2954 Η.
1293 2903 1326 2954 N.

177 2988 230 3039 Vll
248 2990 290 3053 60,
308 2990 359 3039 212
377 3002 430 3053 qno
449 3003 466 3037 a
484 2986 611 3039 columns
628 2988 742 3039 Maenia
765 2988 801 3038 ad
825 3002 966 3039 carcerem
984 2988 1088 3053 (arcem
1105 2988 1272 3052 Urlicheiua)
1291 2989 1328 3038 si·

95 3076 100 3087 “
178 3072 228 3125 due
252 3073 408 3125 inclinaret.
448 3074 490 3123 Ac
511 3072 678 3139 respondent
700 3072 755 3127 eibi
770 3070 851 3139 mend
874 3074 971 3125 dubie:
999 3078 1056 3125 ‘eol
1077 3090 1184 3126 occasus
1204 3089 1326 3139 cupresso

179 3164 315 3225 tempestae
333 3163 398 3210 esto’
418 3162 446 3210 et
463 3160 504 3209 ‘id
520 3175 618 3225 quoque
635 3166 733 3224 tempue
750 3159 837 3211 iubet
854 3174 911 3210 esse
927 3162 1090 3225 cupreum
1112 3158 1221 3210 Deinde
1234 3162 1327 3210 cutem

180 3243 359 3295 Censorinum
377 3248 409 3295 ut
426 3242 499 3295 alias
516 3258 602 3310 saepe
620 3246 661 3294 its
679 3244 725 3294 hic
744 3257 852 3311 quoque
866 3244 1017 3296 Varronem
1030 3245 1212 3310 exscripsisse
1231 3248 1262 3295 ut
1278 3260 1328 3309 per

179 3345 210 3381 se
229 3328 363 3381 credibile
382 3334 425 3381 est
443 3330 484 3381 its
500 3329 594 3382 verbio
612 3330 675 3381 ‘sed
690 3332 797 3397 poeteo’
816 3328 974 3381 luculenter
997 3330 1149 3381 evincitnrs
1171 3345 1244 3396 quae
1267 3330 1326 3396 qui-

179 3416 242 3467 dem
266 3430 327 3467 eum
346 3414 465 3466 Varroni
483 3414 585 3479 optime
610 3416 790 3479 conveniant,
808 3419 867 3466 tum
888 3431 906 3466 a
925 3415 1070 3467 Censorini
1093 3415 1210 3467 coneilio
1232 3414 1327 3467 aliena

180 3506 251 3553 sunt
287 3502 357 3551 Nam
380 3498 451 3565 quod
468 3498 583 3550 Iahnius
605 3504 751 3564 utrumque
775 3501 919 3551 existimat
940 3501 1004 3568 lege
1025 3500 1172 3551 Plaetoria
1193 3501 1249 3561 uti,
1272 3517 1328 3566 qua

179 3586 369 3638 demonstrent
384 3597 540 3651 supremam
557 3599 612 3635 non
630 3590 693 3650 poet
710 3599 839 3637 occasum
858 3585 925 3637 solis
942 3584 1050 3637 demum
1067 3586 1206 3651 incipero,
1224 3586 1274 3637 sed
1293 3602 1327 3636 ex

181 3687 234 3739 qno
253 3686 381 3737 suprema
398 3668 476 3721 dicto
494 3670 544 3733 eit,
562 3669 700 3721 immerito
719 3670 755 3721 ad
773 3670 924 3721 Varronem
947 3672 1033 3722 refert
1055 3670 1129 3735 quod
1151 3670 1203 3721 ooli
1223 3671 1327 3722 Censo-

180 3758 241 3809 rino
258 3756 432 3807 tribuendum
452 3763 495 3808 eet
512 3762 596 3823 atque
615 3754 685 3807 adeo
703 3756 811 3807 crimini
822 3756 995 3810 vertendum.
1022 3756 1095 3820 Quid
1107 3742 1199 3808 enim?
1223 3758 1328 3823 Ecquis

181 3858 265 3895 sanus
283 3843 363 3894 homo
381 3857 414 3895 ox
432 3842 524 3895 verbio
541 3842 614 3907 legis
636 3840 728 3893 discet
748 3844 810 3895 ‘Sol
831 3858 937 3895 occaeae
957 3857 1078 3908 aspectae
1098 3849 1237 3909 tempestae
1257 3846 1326 3893 esto’

180 3930 233 3980 hoo
257 3927 363 3980 alliciat
386 3944 542 3995 supremam
564 3932 641 3995 post
668 3927 774 3979 solem
797 3942 928 3979 occaaum
951 3942 1027 3989 esse,
1049 3928 1078 3978 iu
1101 3928 1173 3995 quod
1195 3928 1328 3993 plurimos

182 4014 245 4066 inde
264 4013 397 4079 colligere
416 4013 537 4065 aidrmat
555 4016 670 4066 auctor?
693 4014 724 4065 ld
743 4016 768 4065 si
786 4014 896 4081 quidem
913 4014 1059 4080 quiequam
1077 4013 1208 4078 credidit,
1226 4013 1326 4064 saltem

182 4116 237 4151 non
254 4100 328 4150 hanc
345 4098 380 4149 ob
399 4114 527 4151 caussam
545 4099 671 4151 credidit.
707 4098 761 4150 Sed
779 4102 840 4151 sive
859 4115 959 4151 revera
980 4100 1037 4152 iste
1053 4101 1149 4166 opinio
1169 4099 1256 4150 latius
1278 4114 1328 4164 pa·

183 4187 260 4237 tebet
277 4186 336 4237 sivo
354 4184 382 4233 in
400 4185 492 4250 scirpo
510 4184 609 4236 nodum
632 4185 742 4251 quaerit
760 4185 941 4250 Censorinus,
966 4191 1042 4237 certe
1065 4184 1181 4236 mirifice
1205 4185 1328 4236 abutitur

183 4273 243 4322 loco
266 4270 439 4322 Varroniano
462 4268 498 4319 ad
518 4270 712 4322 difficultatem
735 4272 789 4322 sibi
812 4272 867 4337 ipsi
890 4280 1013 4323 creatam
1042 4269 1262 4322 convellendam.
1303 4271 1328 4320 A

182 4358 306 4409 Varrone
326 4356 397 4407 enim
416 4358 520 4407 certum
539 4356 672 4407 eiusmodi
690 4356 835 4408 consilium
852 4356 936 4423 plane
954 4356 1047 4407 abest:
1066 4356 1114 4420 qui
1131 4370 1201 4407 ansa
1213 4354 1280 4406 data
1293 4354 1328 4405 ad

183 4442 347 4495 vocabulum
366 4444 505 4507 ‘supremo’
525 4440 696 4494 diversarum
714 4443 807 4508 legum
826 4441 860 4492 de
878 4456 1006 4508 suprema
1024 4442 1081 4492 diei
1099 4440 1240 4493 iudicialis
1258 4445 1328 4492 tem·

182 4532 292 4595 pestate
310 4529 476 4580 mentionem
495 4529 584 4579 inicit.
620 4526 696 4590 Quae
714 4528 792 4594 leges
811 4528 839 4577 in
858 4542 937 4578 auum
954 4542 1035 4577 nsum
1054 4532 1182 4593 arreptas
1200 4525 1328 4578 Censori·

183 4628 234 4665 nus
253 4630 312 4669 cum
338 4616 378 4664 its
400 4616 525 4667 intereo
548 4616 719 4681 opposuerit,
744 4617 775 4663 ut
797 4628 845 4678 pro
867 4628 936 4666 vers
958 4614 1114 4679 argumenti
1135 4614 1329 4680 discrepantia

1078 4698 1126 4760 l*
