3409 5409
694 486 832 533 ranvna
856 486 930 533 v111.
1323 468 1383 531 143

240 641 430 727 pauperiem
452 640 571 705 fecisse
594 639 738 721 dicetur,
762 638 847 703 actio
864 636 993 722 exlege
1009 638 1180 703 duodecim
1196 636 1383 703 tabularum

240 744 426 808 descendit:
449 764 533 829 quae
547 740 603 806 lex
615 739 721 805 ualuit
743 749 801 805 aut
821 740 894 805 dari
917 738 951 803 id
973 738 1060 825 quod
1083 740 1208 821 nocuit,
1232 738 1267 803 id
1282 750 1333 804 est
1348 738 1383 805 id

239 843 361 909 animal
388 843 477 932 quud
503 844 639 910 noxiam
665 842 845 924 commisit,
879 849 937 906 aut
969 840 1231 907 aestimationem
1262 842 1384 907 noxiae
1452 906 1455 911 .

240 944 375 1011 efferri!
1256 962 1259 969 ·

325 1148 487 1237 leianus
510 1148 533 1214 l.
549 1148 632 1215 XLI
646 1147 691 1213 ad
706 1147 875 1215 Sabinum.
900 1145 945 1211 D.
963 1146 1012 1229 19,
1029 1146 1060 1229 5,
1080 1146 1119 1211 14
1140 1148 1161 1229 ξ
1176 1147 1196 1211 3
1219 1146 1267 1213 ‘Si
1289 1144 1382 1232 glans

241 1251 325 1339 (glas
349 1252 447 1339 Flar.)
471 1274 513 1317 ex
533 1252 652 1318 arbore
667 1260 733 1315 tua
752 1252 787 1315 in
808 1248 948 1315 fundum
970 1270 1078 1313 meum
1105 1247 1219 1338 cadat,
1248 1270 1384 1335 eamque

240 1374 301 1438 ego
322 1353 469 1419 immisso
496 1374 615 1441 pecore
638 1352 829 1439 depascam,
859 1350 973 1415 Aristo
1001 1350 1117 1415 scribit
1144 1372 1210 1415 non
1237 1350 1302 1416 sibi
1331 1372 1383 1415 ce·

239 1436 371 1539 curn-'ere
391 1454 756 1540 legitimamaeticnem
777 1474 843 1539 qua
865 1452 1008 1538 experiri
1023 1452 1164 1538 possim3
1186 1473 1263 1524 nam
1279 1474 1384 1539 neque

239 1557 377 1641 exlege
399 1556 571 1621 duodecim
593 1555 780 1621 tabularum
802 1553 844 1619 de
866 1562 965 1641 pastu
986 1552 1133 1639 peeoris,
1162 1553 1240 1639 quia
1261 1576 1328 1619 non
1349 1555 1384 1619 in

239 1667 297 1723 tuo
319 1658 481 1745 pascitur,
504 1680 609 1745 neque
632 1659 673 1722 de
694 1657 851 1745 pauperie
879 1676 983 1743 neque
1006 1654 1077 1738 [de]
1102 1655 1214 1721 damni
1244 1654 1384 1721 iniuriae

240 1761 295 1844 agi
316 1782 430 1847 posse,
452 1760 486 1825 in
507 1759 634 1827 lactum
656 1760 768 1847 itaque
789 1760 851 1846 erit
874 1756 1064 1843 agendum?
1199 1760 1201 1763 ’

324 1980 385 2039 cvr
407 1966 542 2028 raucus
564 1980 613 2028 nx
634 1978 825 2028 caurusssr

325 2066 422 2147 [neue
444 2065 586 2130 alienam
608 2074 753 2150 segetem
775 2062 967 2151 pellexeris]

324 2268 451 2333 Plinius
466 2269 509 2333 N.
525 2268 569 2333 Η.
585 2268 706 2333 XVIII
720 2269 752 2351 3,
770 2268 810 2331 12
833 2268 989 2352 ‘Frugcm
1011 2266 1144 2357 quidem
1159 2276 1270 2334 aratro
1285 2291 1382 2356 quae·

154 2366 157 2371 ’
239 2372 338 2435 sitam
359 2368 474 2435 furtim
495 2380 594 2435 noctu
615 2372 748 2456 pauisse
775 2391 815 2433 ac
836 2370 981 2433 secuisse
1003 2369 1120 2456 puberi
1142 2368 1312 2436 duodecim
1334 2383 1382 2437 ta-

238 2471 325 2536 bulis
348 2471 469 2559 capital
491 2482 562 2537 erat
583 2493 844 2558 suspensumque
867 2470 979 2536 Cereri
1000 2472 1108 2537 necari
1130 2472 1288 2537 iubebant
1309 2495 1382 2558 gra·
1461 2509 1464 2514 ·

239 2575 314 2639 aius
351 2596 450 2659 quam
487 2576 522 2638 in
558 2572 736 2639 homicidio
774 2572 975 2639 conuictum:
1015 2572 1181 2659 impubem
1218 2576 1381 2661 praetoris
1428 2590 1432 2599 ·

305 2801 330 2849 6.
350 2798 386 2853 cf.
406 2799 495 2851 Gloss.
514 2798 605 2850 Labb.
624 2797 716 2849 ‘clans
735 2797 841 2849 claudis
862 2794 1004 2859 βάλανοί)

306 2886 330 2935 I.
348 2884 458 2935 Plinium
475 2885 508 2935 N.
521 2884 556 2937 II.
576 2882 696 2936 XXVIII
713 2886 739 2947 4,
760 2886 791 2933 17
811 2882 913 2945 ‘Quies
931 2898 985 2933 non
1005 2887 1032 2935 et
1049 2882 1141 2948 legum
1152 2884 1273 2949 ipsarum
1287 2884 1315 2933 in
1327 2882 1382 2935 XII
1445 2958 1450 2967 .

238 2968 341 3020 tabulis
353 2969 441 3019 uerba
453 2967 529 3019 aunt:
549 2968 623 3034 ‘qni
634 3007 639 3019 .
651 3003 658 3018 .
670 2973 688 3018 .’
719 2967 834 3019 Seruius
853 2968 889 3018 ad
906 2968 990 3033 Verg.
1003 2968 1064 3019 Ecl.
1078 2968 1146 3019 VIII
1163 2970 1197 3019 99
1214 2968 1316 3033 ‘Atque
1335 2983 1381 3019 sa-

238 3060 282 3105 tas
300 3054 357 3105 alio
375 3054 433 3104 uidi
451 3052 597 3104 traducere
621 3050 730 3118 messis]
753 3052 874 3118 Magicis
896 3052 1061 3117 quibusdam
1084 3053 1190 3104 artibus
1211 3053 1265 3104 hoc
1286 3052 1381 3119 fiebat,
1404 3104 1406 3110 f
1481 3090 1491 3099 ,

240 3138 311 3189 unde
325 3145 368 3189 est
380 3140 409 3189 iu
423 3139 477 3189 XII
490 3138 608 3190 tabuIIs:
627 3143 728 3189 ‘neue
743 3175 748 3185 .
762 3177 769 3190 .
783 3140 801 3190 .’
837 3136 945 3188 Seneca
957 3138 1022 3191 Nat.
1035 3138 1149 3200 Quaest
1161 3138 1200 3190 IV
1213 3138 1228 3189 7
1246 3140 1295 3188 ‘Et
1307 3138 1381 3205 apud

238 3239 288 3277 nos
306 3226 334 3273 iu
352 3223 407 3275 XII
428 3223 530 3275 tabulis
548 3229 675 3285 cauetur,
694 3240 728 3273 ne
748 3224 809 3289 quis
827 3222 934 3273 alienos
956 3222 1063 3274 fructus
1089 3228 1266 3274 excantasset
1290 3222 1317 3288 (l.
1336 3240 1380 3274 ex-

207 3306 212 3313 '
239 3309 407 3374 cantassit).'
443 3303 613 3375 Aug’ustinus
626 3308 659 3359 de
673 3308 750 3359 (1.1).
763 3308 832 3359 VIII
845 3310 876 3359 19
897 3308 981 3359 ‘Illud
1000 3310 1085 3359 etiam
1104 3308 1174 3373 quod
1193 3308 1249 3359 allo
1267 3309 1328 3360 leco
1346 3308 1380 3359 de

238 3395 281 3445 bis
301 3394 409 3445 artibus
427 3394 497 3445 dicit
514 3392 567 3459 (sc.
584 3391 753 3459 vergilium:
771 3392 861 3457 Atque
881 3397 956 3444 satas
980 3409 1003 3443 e.
1024 3409 1048 3458 q.
1067 3408 1103 3456 a,
1124 3420 1155 3428 -
1175 3410 1208 3443 eo
1231 3394 1303 3459 quod
1326 3394 1381 3445 bec

238 3480 373 3545 pestilera
391 3479 584 3545 scelerataque
602 3478 729 3529 doctrina
747 3476 853 3529 fructus
873 3478 959 3528 alieni
978 3478 1006 3527 in
1025 3476 1097 3527 alias
1119 3482 1209 3527 terras
1233 3478 1381 3529 transferri

238 3564 419 3631 perhibentur
436 3582 483 3614 -τ
503 3579 593 3615 nenne
610 3564 641 3614 In
658 3562 713 3614 XII
730 3562 848 3627 tabulis,
869 3561 896 3612 id
915 3566 960 3613 est
977 3562 1161 3613 Romanorum
1180 3562 1380 3628 antiquissimis

238 3648 348 3717 legibus
366 3650 465 3701 Cicero
483 3653 678 3701 commemorat
697 3663 759 3699 esse
778 3648 966 3713 cunserIptum
985 3651 1013 3698 et
1031 3648 1057 3699 ei
1076 3647 1123 3711 qui
1140 3646 1192 3698 hoe
1205 3646 1305 3698 lecerit
1316 3664 1379 3715 sup·

237 3734 349 3800 plicium
363 3735 571 3785 constitutumV'
593 3734 726 3801 Apuleius
736 3731 815 3799 Apol.
830 3734 893 3783 cuii
908 3730 948 3797 (Il
959 3734 1042 3798 psus
1055 3731 1191 3799 Oudend.)
1204 3733 1311 3800 ‘Magia
1324 3735 1380 3785 ista

238 3824 370 3886 quantum
389 3835 441 3885 ego
460 3819 542 3871 audIo
560 3835 604 3870 res
627 3824 671 3870 est
693 3818 802 3885 legibus
824 3817 957 3883 delegata
981 3814 1118 3883 (relegata
1135 3818 1263 3884 lanperm.
1280 3821 1307 3869 s'a
1328 3820 1379 3885 Ep.

206 3964 210 3977 Ι
238 3904 302 3955 (lad.
316 3922 345 3970 p.
360 3905 438 3971 361),
457 3906 513 3956 iam
530 3904 594 3955 Inda
614 3905 769 3970 antiquitus
785 3904 839 3954 XII
858 3902 962 3955 tabulis
984 3906 1097 3971 propter
1119 3902 1304 3954 incredundas
1323 3905 1380 3957 iru-

237 4004 301 4056 gum
319 3990 468 4041 illecebras
487 3989 656 4041 interdieta!
693 3990 729 4044 cl.
748 3989 908 4040 Marcianus
932 3987 1050 4055 Capella
1067 3988 1107 4040 IX
1130 3991 1145 4052 ὅ
1164 3990 1214 4039 928
1232 4004 1259 4055 p.
1277 3990 1326 4039 722
1345 3990 1379 4043 Κ.

216 4106 218 4109 >
236 4074 344 4125 Plinius
363 4076 396 4129 N.
408 4075 445 4125 H.
460 4074 536 4125 XXX
556 4078 579 4137 1,
599 4078 631 4126 12
649 4076 781 4125 ‘Exstant
799 4078 874 4124 certe
894 4078 922 4125 et
940 4073 1013 4141 apud
1031 4074 1120 4124 Italas
1144 4078 1240 4140 gentes
1258 4075 1380 4141 uestigia

236 4160 297 4210 eius
310 4156 360 4223 (sc.
373 4158 496 4227 magiae)
512 4159 542 4209 in
554 4160 607 4210 XII
619 4159 723 4211 tabulis
740 4161 844 4211 nastris
862 4159 982 4224 aliisque
1001 4160 1180 4225 argumentis,
1200 4175 1270 4225 quae
1288 4160 1379 4227 priore

235 4244 374 4296 uolumine
393 4245 525 4311 expuam!

303 4332 329 4383 8.
347 4330 385 4380 ci.
404 4330 509 4380 Paulus
527 4328 604 4381 Sent.
622 4328 711 4396 1131,
729 4332 771 4381 25.

234 4447 442 4460 ιμ’-ω

322 4522 350 4579 ἶ.
374 4529 544 4577 escautassel
559 4519 625 4576 libri
639 4520 725 4577 Pls'nii
740 4525 780 4589 (et
796 4519 947 4591 Senmet).
