3409 5409
431 530 479 579 nr.
501 529 684 579 nvonaoru
707 530 921 578 1161116111
943 530 1118 578 naucum.
1305 518 1346 581 21

191 694 281 770 tius,
297 687 494 768 Lambinus,
512 684 709 768 Salmasius,
726 685 925 767 Gronovius,
940 684 1010 751 alii.
1040 686 1187 769 Quorum
1203 690 1348 753 omnium

192 814 295 856 6111116
318 791 448 855 criticas
464 789 651 855 Dirksenus
673 810 713 853 ea
732 811 798 877 qua
813 810 874 877 par
889 796 939 853 est
952 787 1111 875 religione
1125 790 1161 855 in
1175 790 1348 857 consilium

193 893 350 976 vocavit,
377 891 561 958 laudandus
588 892 688 957 etiam
713 914 767 973 eo,
792 890 881 977 quod
903 901 936 958 et
956 892 1050 959 vanis
1071 890 1137 958 illis
1153 895 1348 961 restituendi

193 996 400 1065 ornamentis
424 996 460 1061 in
479 996 738 1081 fragmentorum
759 1015 898 1059 recensu
912 994 1074 1061 abstinuit
1088 1003 1122 1059 61
1136 994 1279 1083 plurima
1293 1021 1347 1064 cu·

192 1096 309 1187 pidius
334 1120 433 1185 quam
452 1098 563 1164 verius
586 1097 628 1163 ab
651 1095 831 1163 editoribus
855 1105 987 1184 arrepta
1007 1097 1130 1164 reiecit.
1177 1098 1282 1187 Atqui
1306 1124 1348 1165 ne

194 1203 272 1289 ipse
287 1201 420 1289 quidem
436 1224 504 1267 rem
520 1199 665 1267 absolvit
680 1222 739 1265 noc
755 1199 863 1267 voluit
877 1197 1067 1286 absolvere3
1083 1222 1157 1266 cnm
1169 1201 1232 1268 hoc
1242 1204 1346 1289 magis

194 1315 327 1391 ageret,
350 1315 386 1370 ut
408 1312 564 1388 congesta
586 1303 629 1368 ab
643 1301 715 1367 aliis
732 1302 898 1388 digereret
912 1312 945 1367 ct
958 1303 994 1367 in
1008 1326 1076 1370 uno
1092 1316 1268 1393 conspectu
1282 1306 1346 1373 col·

193 1406 323 1473 locaret
338 1428 436 1495 quam
451 1416 488 1471 ut
502 1405 636 1493 proprio
651 1405 757 1471 Marte
778 1405 813 1469 in
833 1404 1029 1492 fragmentis
1044 1406 1153 1474 denuo
1168 1418 1346 1475 retractan-

195 1510 250 1575 dis
267 1507 461 1575 elaboraret.
491 1506 561 1573 Nec
582 1507 687 1594 magis
708 1506 784 1573 huic
804 1507 854 1573 rei
868 1518 1030 1574 vacarunt
1045 1510 1102 1596 qni
1117 1520 1194 1594 post
1208 1510 1345 1577 Dirkse·
1381 1561 1384 1565 ι

194 1634 276 1677 1111111
311 1612 382 1678 XII
419 1607 606 1676 tabularum
648 1609 789 1677 editores
827 1609 1010 1676 extiterunt
1042 1610 1166 1677 Zellius
1200 1612 1347 1699 (Legum

194 1713 269 1781 XII
296 1713 387 1781 tabb.
414 1713 534 1798 fragm.
562 1712 652 1778 Frib.
681 1713 777 1799 1825)
806 1710 1003 1778 Hauboldus
1038 1714 1140 1800 (lnst.
1167 1714 1229 1779 iur.
1251 1715 1345 1781 Rern.

195 1816 249 1883 ed.
273 1815 353 1883 Otto
376 1816 513 1883 182611
544 1814 684 1901 1-10.)
716 1814 897 1881 Cosmanus
929 1816 979 1902 (in
1004 1816 1068 1881 den
1095 1816 1193 1883 Texii
1223 1816 1345 1883 Fontes

194 1930 263 1987 tres
278 1920 339 1985 iur.
367 1920 431 1987 civ.
454 1940 535 1984 rom.
557 1920 664 1985 Amat.
689 1917 797 2006 1840.)
820 1918 973 2004 Eggerus
993 1918 1119 2006 (Latini
1139 1941 1236 1986 serm.
1256 1928 1348 1986 vetu-

197 2022 309 2090 stioris
330 2020 488 2111 reliquiae
507 2020 584 2087 Par.
605 2020 687 2087 1843
702 2043 735 2110 p.
752 2022 794 2087 89
811 2022 898 2110 sqq.)
914 2018 1084 2087 Demelius
1100 2022 1241 2109 (Legum
1261 2047 1347 2113 quae
1411 2062 1419 2074 «

194 2125 306 2191 adius
322 2122 419 2191 civile
435 2134 585 2212 spectant
604 2124 791 2209 fragmenta
805 2123 933 2189 Vimar.
958 2123 1040 2189 1851
1054 2147 1088 2211 p.
1107 2126 1124 2189 1
1143 2126 1230 2213 sqq.)
1246 2126 1346 2193 Gnei-

195 2229 290 2295 etius
311 2226 442 2313 (instit.
472 2236 505 2292 et
533 2227 638 2311 regul.
671 2227 735 2290 iur.
768 2248 849 2291 16111.
889 2236 1066 2314 syntagma
1093 2226 1230 2315 Lipsiae
1262 2228 1345 2295 1858

196 2353 229 2418 p.
252 2328 323 2395 XII
344 2327 430 2417 sqq.)
457 2327 616 2393 Brunsius
643 2328 779 2414 (Fontes
805 2328 868 2394 iur.
896 2350 977 2394 rom.
1000 2330 1129 2416 antiqui
1149 2329 1236 2396 Tub.
1260 2331 1344 2397 1860

195 2455 228 2520 p.
244 2430 266 2497 5
281 2430 384 2518 sqq.):
408 2430 464 2519 qui
484 2429 553 2495 lere
574 2429 794 2496 substiterunt
813 2431 849 2495 in
863 2430 954 2509 illius
969 2432 1120 2518 vestigiis
1136 2434 1343 2520 paucissimis

197 2534 239 2600 de
254 2556 314 2601 suo
326 2530 381 2599 vel
392 2532 527 2599 mutatis
543 2530 596 2598 vel
612 2531 785 2621 suppletis.
815 2534 925 2599 Ac-
938 2556 979 2599 ne
1000 2534 1042 2600 de
1061 2535 1108 2600 eis
1130 2535 1239 2601 dicam
1260 2559 1353 2631 quae·

197 2636 364 2705 latuerunt
378 2634 585 2701 Dirksenum
601 2656 729 2722 quaeve
743 2644 860 2725 postca
875 2635 1007 2703 demum
1018 2660 1060 2702 ex
1071 2638 1218 2719 fontibus
1230 2660 1343 2705 recem

146 2800 151 2809 .
197 2739 337 2825 repertis
358 2738 569 2804 innotuerunt
589 2774 630 2784 —-
650 2760 724 2803 cum
749 2736 845 2825 plura
870 2749 947 2804 sunt
972 2738 1160 2827 postillam
1173 2762 1200 2805 a
1220 2741 1343 2807 criticis

196 2842 280 2909 bene
295 2849 429 2923 novata,
446 2849 516 2905 turn
530 2840 627 2928 plura
641 2839 1344 2909 1111116116νί6611111116111611116116111161111116

196 2942 430 3031 grammaticae
448 2926 588 3012 Latinae
606 2942 726 3009 studiis
746 2954 850 3031 nuper
870 2940 1151 3011 efflorescentibus
1174 2944 1280 3011 adiuti
1294 2968 1343 3011 re·

197 3046 279 3113 otius
295 3068 393 3134 quam
408 3055 477 3113 tum
492 3046 564 3112 fieri
579 3046 687 3134 potuit
702 3055 735 3112 61
749 3054 895 3112 statuere
909 3044 987 3114 licet
1001 3056 1035 3112 61
1049 3044 1246 3133 intellegere.
1277 3047 1342 3114 Ita·

197 3171 258 3237 que
273 3151 340 3215 iam
354 3150 416 3215 hoc
430 3148 637 3237 potissimum
651 3148 834 3235 flagitatur,
860 3157 898 3214 ut
916 3148 1064 3237 reliquiis
1084 3149 1164 3235 legis
1181 3150 1338 3233 collectis,

197 3252 332 3317 resectis
347 3252 498 3319 omnibus
514 3273 599 3339 qnae
610 3253 702 3318 611611
714 3261 747 3317 61
758 3253 889 3317 ornatui
898 3254 1004 3338 magis
1017 3253 1084 3319 sint
1094 3275 1194 3340 quam
1206 3252 1341 3338 fructui,

197 3354 334 3421 fontium
359 3354 500 3441 primum
525 3362 559 3419 et
583 3353 649 3417 fide
675 3362 708 3418 61
736 3355 895 3419 memoria
923 3342 1109 3421 accuratius
1140 3358 1341 3441 examinata,

199 3456 314 3522 deinde
330 3456 411 3522 locis
426 3456 512 3520 inter
527 3478 562 3520 se
578 3454 706 3520 collatis
722 3456 1033 3544 quaestionibusque
1047 3455 1216 3523 hominum
1233 3458 1342 3524 docto·

198 3580 269 3622 rum
283 3568 354 3624 tum
374 3558 521 3645 priorum
542 3567 612 3623 tum
632 3558 850 3624 recentiorum
871 3558 1045 3643 adhibitis,
1070 3558 1187 3647 ecquid
1207 3560 1341 3625 tandem

198 3660 277 3725 eerti
292 3660 392 3725 statui
407 3661 514 3748 possit
528 3669 561 3727 et
575 3682 743 3747 quousque
758 3660 857 3726 liceat
871 3660 988 3747 pedem
1009 3670 1080 3726 tuto
1099 3661 1264 3749 proferre,
1286 3685 1341 3731 ex-

198 3760 350 3850 ploretur.
380 3761 436 3828 Ad
456 3786 540 3850 quse
560 3786 620 3851 pro
640 3764 721 3829 meis
742 3762 870 3830 viribus
891 3764 1092 3851 praestanda
1111 3764 1265 3853 deinceps
1289 3790 1340 3835 ac

199 3864 321 3932 cedam.

199 4125 310 4177 ‘Nullus
331 4126 438 4189 estqui
456 4124 490 4175 de
507 4124 617 4192 legibus
636 4126 689 4177 llll
707 4126 868 4179 tabularum
885 4126 1036 4191 quidquam
1053 4090 1151 4179 docere
1175 4144 1218 4178 me
1241 4131 1341 4195 possit,

199 4224 231 4261 ne
249 4208 380 4261 Cniacius
399 4209 520 4275 quidem,
540 4212 587 4276 qui
604 4226 659 4263 11611
676 4210 848 4264 inficiabitur
866 4228 910 4263 me
927 4212 971 4262 illi
989 4212 1075 4263 multa
1092 4212 1126 4263 de
1144 4212 1179 4263 iis
1197 4213 1339 4265 indicasse

200 4310 268 4359 quae
286 4295 422 4346 hactenns
440 4310 502 4345 enm
519 4294 683 4347 latuerant'
707 4298 744 4348 ef.
757 4298 927 4362 Bsmaysins
946 4302 955 4328 ‘
961 4296 983 4346 1.
998 4298 1020 4351 Ι,
1033 4296 1175 4363 Scaliger’
1193 4314 1220 4363 p.
1235 4300 1285 4349 144
1297 4314 1338 4363 sq.
