<?xml version="1.0" encoding="UTF-8"?>
<!DOCTYPE html PUBLIC "-//W3C//DTD XHTML 1.0 Transitional//EN"
    "http://www.w3.org/TR/xhtml1/DTD/xhtml1-transitional.dtd">
<html xmlns="http://www.w3.org/1999/xhtml" xml:lang="en" lang="en">
 <head>
  <title>
</title>
<meta http-equiv="Content-Type" content="text/html;charset=utf-8" />
  <meta name='ocr-system' content='tesseract 3.04.00' />
  <meta name='ocr-capabilities' content='ocr_page ocr_carea ocr_par ocr_line ocrx_word'/>
</head>
<body>
  <div class='ocr_page' id='page_1' title='image "./legisdvodecimta01schgoog_0061.png"; bbox 0 0 3409 5409; ppageno 0'>
   <div class='ocr_carea' id='block_1_1' title="bbox 346 338 1067 553">
    <p class='ocr_par' dir='ltr' id='par_1_1' title="bbox 346 338 1067 553">
     <span class='ocr_line' id='line_1_1' title="bbox 1042 338 1064 377; baseline 0 0"><span class='ocrx_word' id='word_1_1' title='bbox 1042 338 1064 377; x_wconf 74' lang='grc' dir='ltr'><em>Ο</em></span> 
     </span>
     <span class='ocr_line' id='line_1_2' title="bbox 346 487 1067 553; baseline -0.008 0"><span class='ocrx_word' id='word_1_2' title='bbox 346 487 390 553; x_wconf 86' lang='grc'><strong>44</strong></span> <span class='ocrx_word' id='word_1_3' title='bbox 766 502 880 549; x_wconf 75' lang='lat' dir='ltr'><strong>cleve</strong></span> <span class='ocrx_word' id='word_1_4' title='bbox 901 501 1067 549; x_wconf 82' lang='lat' dir='ltr'><strong>rrerrvn.</strong></span> 
     </span>
    </p>
   </div>
   <div class='ocr_carea' id='block_1_2' title="bbox 335 652 1530 2478">
    <p class='ocr_par' dir='ltr' id='par_1_2' title="bbox 335 652 1530 2478">
     <span class='ocr_line' id='line_1_3' title="bbox 348 652 1530 741; baseline -0.005 -18"><span class='ocrx_word' id='word_1_5' title='bbox 348 657 491 724; x_wconf 78' lang='lat' dir='ltr'><strong>restituit</strong></span> <span class='ocrx_word' id='word_1_6' title='bbox 506 658 698 722; x_wconf 86' lang='lat' dir='ltr'><strong>Huschkius</strong></span> <span class='ocrx_word' id='word_1_7' title='bbox 714 655 755 721; x_wconf 90' lang='lat' dir='ltr'><strong>de</strong></span> <span class='ocrx_word' id='word_1_8' title='bbox 772 656 865 740; x_wconf 89' lang='lat' dir='ltr'><strong>tigno</strong></span> <span class='ocrx_word' id='word_1_9' title='bbox 885 655 997 719; x_wconf 85' lang='lat' dir='ltr'><strong>iuncto</strong></span> <span class='ocrx_word' id='word_1_10' title='bbox 1017 677 1049 741; x_wconf 84' lang='lat' dir='ltr'><strong>p.</strong></span> <span class='ocrx_word' id='word_1_11' title='bbox 1069 655 1156 717; x_wconf 84' lang='lat'>1011.</span> <span class='ocrx_word' id='word_1_12' title='bbox 1178 653 1292 740; x_wconf 78' lang='lat' dir='ltr'><strong>‘Apud</strong></span> <span class='ocrx_word' id='word_1_13' title='bbox 1309 676 1406 739; x_wconf 91' lang='lat' dir='ltr'><strong>quem</strong></span> <span class='ocrx_word' id='word_1_14' title='bbox 1433 652 1530 717; x_wconf 83' lang='lat' dir='ltr'><strong>fur-</strong></span> 
     </span>
     <span class='ocr_line' id='line_1_4' title="bbox 347 755 1529 845; baseline -0.005 -19"><span class='ocrx_word' id='word_1_15' title='bbox 347 772 416 827; x_wconf 88' lang='lat' dir='ltr'><strong>tum</strong></span> <span class='ocrx_word' id='word_1_16' title='bbox 431 770 626 845; x_wconf 85' lang='lat' dir='ltr'><strong>conceptum</strong></span> <span class='ocrx_word' id='word_1_17' title='bbox 642 758 704 823; x_wconf 89' lang='lat' dir='ltr'><strong>esit</strong></span> <span class='ocrx_word' id='word_1_18' title='bbox 719 758 858 845; x_wconf 83' lang='lat' dir='ltr'><strong>quoique</strong></span> <span class='ocrx_word' id='word_1_19' title='bbox 873 758 904 821; x_wconf 93' lang='lat' dir='ltr'><strong>ei</strong></span> <span class='ocrx_word' id='word_1_20' title='bbox 920 755 1050 838; x_wconf 91' lang='lat' dir='ltr'><strong>obtulit,</strong></span> <span class='ocrx_word' id='word_1_21' title='bbox 1071 756 1125 821; x_wconf 91' lang='lat' dir='ltr'><strong>nei</strong></span> <span class='ocrx_word' id='word_1_22' title='bbox 1141 755 1230 842; x_wconf 86' lang='lat' dir='ltr'><strong>apud</strong></span> <span class='ocrx_word' id='word_1_23' title='bbox 1246 778 1281 820; x_wconf 93' lang='lat' dir='ltr'><strong>se</strong></span> <span class='ocrx_word' id='word_1_24' title='bbox 1301 776 1529 842; x_wconf 79' lang='lat' dir='ltr'><strong>concepere·</strong></span> 
     </span>
     <span class='ocr_line' id='line_1_5' title="bbox 347 858 1526 949; baseline -0.003 -22"><span class='ocrx_word' id='word_1_25' title='bbox 347 873 412 943; x_wconf 92' lang='lat' dir='ltr'><strong>tur,</strong></span> <span class='ocrx_word' id='word_1_26' title='bbox 429 862 526 948; x_wconf 90' lang='lat' dir='ltr'><strong>triplo</strong></span> <span class='ocrx_word' id='word_1_27' title='bbox 543 884 601 949; x_wconf 90' lang='lat' dir='ltr'><strong>pro</strong></span> <span class='ocrx_word' id='word_1_28' title='bbox 617 863 691 925; x_wconf 82' lang='lat' dir='ltr'><strong>fure</strong></span> <span class='ocrx_word' id='word_1_29' title='bbox 707 860 862 925; x_wconf 88' lang='lat' dir='ltr'><strong>damnum</strong></span> <span class='ocrx_word' id='word_1_30' title='bbox 875 858 1054 941; x_wconf 81' lang='lat' dir='ltr'><strong>deceidit03</strong></span> <span class='ocrx_word' id='word_1_31' title='bbox 1072 858 1119 922; x_wconf 88' lang='lat' dir='ltr'><strong>sei</strong></span> <span class='ocrx_word' id='word_1_32' title='bbox 1130 880 1287 945; x_wconf 88' lang='lat' dir='ltr'><strong>quaerere</strong></span> <span class='ocrx_word' id='word_1_33' title='bbox 1299 858 1526 943; x_wconf 81' lang='lat' dir='ltr'><strong>prohibesit,</strong></span> 
     </span>
     <span class='ocr_line' id='line_1_6' title="bbox 346 956 1525 1049; baseline -0.005 -20"><span class='ocrx_word' id='word_1_34' title='bbox 346 964 455 1030; x_wconf 90' lang='lat' dir='ltr'><strong>nudus</strong></span> <span class='ocrx_word' id='word_1_35' title='bbox 470 962 564 1029; x_wconf 89' lang='lat' dir='ltr'><strong>lance</strong></span> <span class='ocrx_word' id='word_1_36' title='bbox 585 974 618 1029; x_wconf 88' lang='lat' dir='ltr'><strong>et</strong></span> <span class='ocrx_word' id='word_1_37' title='bbox 636 963 712 1029; x_wconf 88' lang='lat' dir='ltr'><strong>licio</strong></span> <span class='ocrx_word' id='word_1_38' title='bbox 736 962 903 1049; x_wconf 82' lang='lat' dir='ltr'><strong>quaerito,</strong></span> <span class='ocrx_word' id='word_1_39' title='bbox 924 962 973 1027; x_wconf 88' lang='lat' dir='ltr'><strong>ita</strong></span> <span class='ocrx_word' id='word_1_40' title='bbox 992 960 1041 1025; x_wconf 84' lang='lat' dir='ltr'><strong>sei</strong></span> <span class='ocrx_word' id='word_1_41' title='bbox 1063 960 1229 1047; x_wconf 83' lang='lat' dir='ltr'><strong>concapit,</strong></span> <span class='ocrx_word' id='word_1_42' title='bbox 1251 959 1376 1025; x_wconf 88' lang='lat' dir='ltr'><strong>furtum</strong></span> <span class='ocrx_word' id='word_1_43' title='bbox 1391 956 1525 1025; x_wconf 83' lang='lat' dir='ltr'><strong>mani-</strong></span> 
     </span>
     <span class='ocr_line' id='line_1_7' title="bbox 346 1061 1520 1151; baseline -0.005 -20"><span class='ocrx_word' id='word_1_44' title='bbox 346 1066 469 1131; x_wconf 84' lang='lat' dir='ltr'><strong>festum</strong></span> <span class='ocrx_word' id='word_1_45' title='bbox 495 1066 598 1132; x_wconf 78' lang='lat' dir='ltr'><strong>esito&#39;</strong></span> <span class='ocrx_word' id='word_1_46' title='bbox 627 1064 715 1151; x_wconf 84' lang='lat' dir='ltr'><strong>(sio).</strong></span> <span class='ocrx_word' id='word_1_47' title='bbox 742 1102 783 1113; x_wconf 90' lang='lat'>-</span> <span class='ocrx_word' id='word_1_48' title='bbox 804 1066 856 1130; x_wconf 87' lang='lat' dir='ltr'><strong>Ao</strong></span> <span class='ocrx_word' id='word_1_49' title='bbox 881 1062 946 1131; x_wconf 76' lang='lat' dir='ltr'><strong>tale</strong></span> <span class='ocrx_word' id='word_1_50' title='bbox 967 1063 1047 1149; x_wconf 92' lang='lat' dir='ltr'><strong>quid</strong></span> <span class='ocrx_word' id='word_1_51' title='bbox 1067 1082 1186 1129; x_wconf 87' lang='lat' dir='ltr'><strong>revera</strong></span> <span class='ocrx_word' id='word_1_52' title='bbox 1205 1062 1349 1127; x_wconf 79' lang='lat' dir='ltr'><strong>sensisse</strong></span> <span class='ocrx_word' id='word_1_53' title='bbox 1368 1061 1520 1127; x_wconf 77' lang='lat' dir='ltr'><strong>Gaium</strong></span> 
     </span>
     <span class='ocr_line' id='line_1_8' title="bbox 347 1162 1519 1253; baseline -0.005 -20"><span class='ocrx_word' id='word_1_54' title='bbox 347 1168 451 1233; x_wconf 86' lang='lat' dir='ltr'><strong>rerba</strong></span> <span class='ocrx_word' id='word_1_55' title='bbox 472 1166 530 1231; x_wconf 87' lang='lat' dir='ltr'><strong>illa</strong></span> <span class='ocrx_word' id='word_1_56' title='bbox 551 1166 720 1233; x_wconf 89' lang='lat' dir='ltr'><strong>declarant</strong></span> <span class='ocrx_word' id='word_1_57' title='bbox 745 1165 832 1231; x_wconf 90' lang='lat' dir='ltr'><strong>unde</strong></span> <span class='ocrx_word' id='word_1_58' title='bbox 858 1164 957 1231; x_wconf 91' lang='lat' dir='ltr'><strong>simul</strong></span> <span class='ocrx_word' id='word_1_59' title='bbox 980 1187 1079 1253; x_wconf 87' lang='lat' dir='ltr'><strong>quam</strong></span> <span class='ocrx_word' id='word_1_60' title='bbox 1103 1186 1171 1230; x_wconf 93' lang='lat' dir='ltr'><strong>non</strong></span> <span class='ocrx_word' id='word_1_61' title='bbox 1196 1162 1397 1229; x_wconf 85' lang='lat' dir='ltr'><strong>intellexerit</strong></span> <span class='ocrx_word' id='word_1_62' title='bbox 1421 1164 1519 1227; x_wconf 89' lang='lat' dir='ltr'><strong>vim</strong></span> 
     </span>
     <span class='ocr_line' id='line_1_9' title="bbox 347 1270 1517 1356; baseline -0.004 -21"><span class='ocrx_word' id='word_1_63' title='bbox 347 1270 443 1335; x_wconf 90' lang='lat' dir='ltr'><strong>huius</strong></span> <span class='ocrx_word' id='word_1_64' title='bbox 459 1271 625 1356; x_wconf 76' lang='lat' dir='ltr'><strong>praecepti</strong></span> <span class='ocrx_word' id='word_1_65' title='bbox 640 1279 776 1356; x_wconf 88' lang='lat' dir='ltr'><strong>apparet</strong></span> <span class='ocrx_word' id='word_1_66' title='bbox 791 1272 811 1351; x_wconf 67' lang='grc' dir='ltr'>ξ</span> <span class='ocrx_word' id='word_1_67' title='bbox 829 1270 890 1334; x_wconf 81' lang='grc'><strong>193</strong></span> <span class='ocrx_word' id='word_1_68' title='bbox 904 1272 1019 1344; x_wconf 81' lang='lat' dir='ltr'><strong>‘erare</strong></span> <span class='ocrx_word' id='word_1_69' title='bbox 1038 1275 1090 1332; x_wconf 82' lang='lat' dir='ltr'><strong>terr</strong></span> <span class='ocrx_word' id='word_1_70' title='bbox 1110 1276 1170 1332; x_wconf 81' lang='lat' dir='ltr'><strong>tota</strong></span> <span class='ocrx_word' id='word_1_71' title='bbox 1189 1271 1322 1331; x_wconf 63' lang='lat' dir='ltr'><strong>adculo</strong></span> <span class='ocrx_word' id='word_1_72' title='bbox 1341 1278 1400 1330; x_wconf 80' lang='lat' dir='ltr'><strong>est:</strong></span> <span class='ocrx_word' id='word_1_73' title='bbox 1420 1286 1517 1330; x_wconf 83' lang='lat' dir='ltr'><strong>nam</strong></span> 
     </span>
     <span class='ocr_line' id='line_1_10' title="bbox 347 1372 1517 1457; baseline -0.004 -21"><span class='ocrx_word' id='word_1_74' title='bbox 347 1378 405 1457; x_wconf 64' lang='lat' dir='ltr'><strong>qur]</strong></span> <span class='ocrx_word' id='word_1_75' title='bbox 419 1377 550 1437; x_wconf 81' lang='lat' dir='ltr'><strong>vestitum</strong></span> <span class='ocrx_word' id='word_1_76' title='bbox 569 1392 716 1451; x_wconf 84' lang='lat' dir='ltr'><strong>quaerere</strong></span> <span class='ocrx_word' id='word_1_77' title='bbox 732 1376 881 1452; x_wconf 67' lang='lat' dir='ltr'><strong>moriter,</strong></span> <span class='ocrx_word' id='word_1_78' title='bbox 897 1377 923 1435; x_wconf 83' lang='lat' dir='ltr'><strong>ir</strong></span> <span class='ocrx_word' id='word_1_79' title='bbox 941 1380 972 1435; x_wconf 83' lang='lat' dir='ltr'><strong>er</strong></span> <span class='ocrx_word' id='word_1_80' title='bbox 989 1374 1103 1434; x_wconf 82' lang='lat' dir='ltr'><strong>nudum</strong></span> <span class='ocrx_word' id='word_1_81' title='bbox 1122 1389 1270 1448; x_wconf 74' lang='lat' dir='ltr'><strong>quaerere</strong></span> <span class='ocrx_word' id='word_1_82' title='bbox 1287 1372 1517 1448; x_wconf 77' lang='lat' dir='ltr'><strong>prohibiturus</strong></span> 
     </span>
     <span class='ocr_line' id='line_1_11' title="bbox 347 1474 1514 1553; baseline -0.003 -16"><span class='ocrx_word' id='word_1_83' title='bbox 347 1483 391 1538; x_wconf 83' lang='lat' dir='ltr'><strong>est</strong></span> <span class='ocrx_word' id='word_1_84' title='bbox 396 1524 403 1551; x_wconf 91' lang='lat'><strong>,</strong></span> <span class='ocrx_word' id='word_1_85' title='bbox 418 1494 453 1538; x_wconf 90' lang='lat' dir='ltr'><strong>eo</strong></span> <span class='ocrx_word' id='word_1_86' title='bbox 467 1480 576 1552; x_wconf 83' lang='lat' dir='ltr'><strong>meqr&#39;s,</strong></span> <span class='ocrx_word' id='word_1_87' title='bbox 592 1479 673 1553; x_wconf 82' lang='lat' dir='ltr'><strong>quod</strong></span> <span class='ocrx_word' id='word_1_88' title='bbox 686 1481 727 1539; x_wconf 66' lang='grc' dir='ltr'><strong>οἵα</strong></span> <span class='ocrx_word' id='word_1_89' title='bbox 742 1480 877 1553; x_wconf 77' lang='lat' dir='ltr'><strong>quaesita</strong></span> <span class='ocrx_word' id='word_1_90' title='bbox 891 1494 941 1538; x_wconf 81' lang='lat' dir='ltr'><strong>rer</strong></span> <span class='ocrx_word' id='word_1_91' title='bbox 955 1479 1074 1537; x_wconf 79' lang='lat' dir='ltr'><strong>inuenta</strong></span> <span class='ocrx_word' id='word_1_92' title='bbox 1088 1478 1198 1536; x_wconf 78' lang='lat' dir='ltr'><strong>maiori</strong></span> <span class='ocrx_word' id='word_1_93' title='bbox 1213 1491 1331 1551; x_wconf 81' lang='lat' dir='ltr'><strong>poenae</strong></span> <span class='ocrx_word' id='word_1_94' title='bbox 1344 1474 1514 1535; x_wconf 65' lang='lat' dir='ltr'><strong>subtria-</strong></span> 
     </span>
     <span class='ocr_line' id='line_1_12' title="bbox 348 1572 1512 1663; baseline -0.003 -23"><span class='ocrx_word' id='word_1_95' title='bbox 348 1582 474 1640; x_wconf 59' lang='lat' dir='ltr'><strong>turss—</strong></span> <span class='ocrx_word' id='word_1_96' title='bbox 494 1574 597 1663; x_wconf 85' lang='lat' dir='ltr'><strong>Atqui</strong></span> <span class='ocrx_word' id='word_1_97' title='bbox 612 1598 744 1658; x_wconf 88' lang='lat' dir='ltr'><strong>vereor,</strong></span> <span class='ocrx_word' id='word_1_98' title='bbox 759 1585 797 1641; x_wconf 89' lang='lat' dir='ltr'><strong>ut</strong></span> <span class='ocrx_word' id='word_1_99' title='bbox 811 1575 893 1641; x_wconf 90' lang='lat' dir='ltr'><strong>haec</strong></span> <span class='ocrx_word' id='word_1_100' title='bbox 908 1574 1077 1640; x_wconf 85' lang='lat' dir='ltr'><strong>sufficient</strong></span> <span class='ocrx_word' id='word_1_101' title='bbox 1092 1573 1135 1638; x_wconf 88' lang='lat' dir='ltr'><strong>ad</strong></span> <span class='ocrx_word' id='word_1_102' title='bbox 1155 1572 1327 1660; x_wconf 87' lang='lat' dir='ltr'><strong>scrupulos</strong></span> <span class='ocrx_word' id='word_1_103' title='bbox 1347 1572 1512 1637; x_wconf 83' lang='lat' dir='ltr'><strong>eximen-</strong></span> 
     </span>
     <span class='ocr_line' id='line_1_13' title="bbox 335 1672 1509 1765; baseline -0.006 -21"><span class='ocrx_word' id='word_1_104' title='bbox 335 1678 409 1744; x_wconf 91' lang='lat' dir='ltr'><strong>dos</strong></span> <span class='ocrx_word' id='word_1_105' title='bbox 430 1674 646 1765; x_wconf 84' lang='lat' dir='ltr'><strong>caussamque</strong></span> <span class='ocrx_word' id='word_1_106' title='bbox 668 1677 896 1743; x_wconf 80' lang='lat' dir='ltr'><strong>dirimendam.</strong></span> <span class='ocrx_word' id='word_1_107' title='bbox 939 1676 1029 1758; x_wconf 77' lang='lat' dir='ltr'><strong>Quid</strong></span> <span class='ocrx_word' id='word_1_108' title='bbox 1049 1676 1160 1741; x_wconf 83' lang='lat' dir='ltr'><strong>enim?</strong></span> <span class='ocrx_word' id='word_1_109' title='bbox 1198 1673 1314 1740; x_wconf 84' lang='lat' dir='ltr'><strong>Talem</strong></span> <span class='ocrx_word' id='word_1_110' title='bbox 1335 1676 1365 1739; x_wconf 87' lang='lat' dir='ltr'><strong>si</strong></span> <span class='ocrx_word' id='word_1_111' title='bbox 1384 1672 1509 1757; x_wconf 83' lang='lat' dir='ltr'><strong>legem</strong></span> 
     </span>
     <span class='ocr_line' id='line_1_14' title="bbox 349 1776 1510 1863; baseline -0.005 -18"><span class='ocrx_word' id='word_1_112' title='bbox 349 1780 453 1845; x_wconf 83' lang='lat' dir='ltr'><strong>Gaius</strong></span> <span class='ocrx_word' id='word_1_113' title='bbox 469 1787 545 1845; x_wconf 90' lang='lat' dir='ltr'><strong>ante</strong></span> <span class='ocrx_word' id='word_1_114' title='bbox 567 1778 677 1845; x_wconf 92' lang='lat' dir='ltr'><strong>oculos</strong></span> <span class='ocrx_word' id='word_1_115' title='bbox 700 1780 887 1863; x_wconf 84' lang='lat' dir='ltr'><strong>habuisset,</strong></span> <span class='ocrx_word' id='word_1_116' title='bbox 908 1801 988 1843; x_wconf 91' lang='lat' dir='ltr'><strong>num</strong></span> <span class='ocrx_word' id='word_1_117' title='bbox 1009 1776 1165 1844; x_wconf 83' lang='lat' dir='ltr'><strong>credibile</strong></span> <span class='ocrx_word' id='word_1_118' title='bbox 1185 1779 1291 1843; x_wconf 85' lang='lat' dir='ltr'><strong>estin</strong></span> <span class='ocrx_word' id='word_1_119' title='bbox 1311 1798 1351 1842; x_wconf 90' lang='lat' dir='ltr'><strong>ea</strong></span> <span class='ocrx_word' id='word_1_120' title='bbox 1372 1776 1510 1841; x_wconf 88' lang='lat' dir='ltr'><strong>descri-</strong></span> 
     </span>
     <span class='ocr_line' id='line_1_15' title="bbox 347 1876 1508 1968; baseline -0.007 -19"><span class='ocrx_word' id='word_1_121' title='bbox 347 1880 458 1949; x_wconf 84' lang='lat' dir='ltr'><strong>benda</strong></span> <span class='ocrx_word' id='word_1_122' title='bbox 482 1880 518 1945; x_wconf 91' lang='lat' dir='ltr'><strong>id</strong></span> <span class='ocrx_word' id='word_1_123' title='bbox 541 1880 651 1968; x_wconf 90' lang='lat' dir='ltr'><strong>ipsum</strong></span> <span class='ocrx_word' id='word_1_124' title='bbox 676 1904 750 1947; x_wconf 90' lang='lat' dir='ltr'><strong>eum</strong></span> <span class='ocrx_word' id='word_1_125' title='bbox 776 1883 974 1947; x_wconf 89' lang='lat' dir='ltr'><strong>omissurum</strong></span> <span class='ocrx_word' id='word_1_126' title='bbox 997 1880 1104 1945; x_wconf 75' lang='lat' dir='ltr'><strong>luisse</strong></span> <span class='ocrx_word' id='word_1_127' title='bbox 1128 1878 1217 1968; x_wconf 91' lang='lat' dir='ltr'><strong>quod</strong></span> <span class='ocrx_word' id='word_1_128' title='bbox 1236 1888 1270 1945; x_wconf 92' lang='lat' dir='ltr'><strong>et</strong></span> <span class='ocrx_word' id='word_1_129' title='bbox 1289 1878 1397 1945; x_wconf 90' lang='lat' dir='ltr'><strong>omitti</strong></span> <span class='ocrx_word' id='word_1_130' title='bbox 1421 1876 1508 1942; x_wconf 89' lang='lat' dir='ltr'><strong>sine</strong></span> 
     </span>
     <span class='ocr_line' id='line_1_16' title="bbox 348 1980 1506 2076; baseline -0.005 -27"><span class='ocrx_word' id='word_1_131' title='bbox 348 2002 474 2049; x_wconf 90' lang='lat' dir='ltr'><strong>summo</strong></span> <span class='ocrx_word' id='word_1_132' title='bbox 490 1983 674 2076; x_wconf 85' lang='lat' dir='ltr'><strong>sententiae</strong></span> <span class='ocrx_word' id='word_1_133' title='bbox 689 1982 884 2049; x_wconf 84' lang='lat' dir='ltr'><strong>detrimento</strong></span> <span class='ocrx_word' id='word_1_134' title='bbox 899 2005 965 2048; x_wconf 91' lang='lat' dir='ltr'><strong>non</strong></span> <span class='ocrx_word' id='word_1_135' title='bbox 978 1991 1109 2070; x_wconf 87' lang='lat' dir='ltr'><strong>poterat</strong></span> <span class='ocrx_word' id='word_1_136' title='bbox 1123 1992 1157 2048; x_wconf 90' lang='lat' dir='ltr'><strong>et</strong></span> <span class='ocrx_word' id='word_1_137' title='bbox 1171 1980 1265 2064; x_wconf 91' lang='lat' dir='ltr'><strong>addi,</strong></span> <span class='ocrx_word' id='word_1_138' title='bbox 1281 1981 1310 2046; x_wconf 91' lang='lat' dir='ltr'><strong>si</strong></span> <span class='ocrx_word' id='word_1_139' title='bbox 1325 1980 1422 2046; x_wconf 90' lang='lat' dir='ltr'><strong>modo</strong></span> <span class='ocrx_word' id='word_1_140' title='bbox 1437 2001 1506 2044; x_wconf 86' lang='lat' dir='ltr'><strong>ex-</strong></span> 
     </span>
     <span class='ocr_line' id='line_1_17' title="bbox 350 2081 1506 2173; baseline -0.003 -23"><span class='ocrx_word' id='word_1_141' title='bbox 350 2092 452 2167; x_wconf 90' lang='lat' dir='ltr'><strong>taret,</strong></span> <span class='ocrx_word' id='word_1_142' title='bbox 474 2085 577 2171; x_wconf 89' lang='lat' dir='ltr'><strong>ipsius</strong></span> <span class='ocrx_word' id='word_1_143' title='bbox 598 2106 695 2173; x_wconf 90' lang='lat' dir='ltr'><strong>quam</strong></span> <span class='ocrx_word' id='word_1_144' title='bbox 716 2087 859 2151; x_wconf 87' lang='lat' dir='ltr'><strong>maxime</strong></span> <span class='ocrx_word' id='word_1_145' title='bbox 882 2086 1041 2151; x_wconf 89' lang='lat' dir='ltr'><strong>interesse</strong></span> <span class='ocrx_word' id='word_1_146' title='bbox 1062 2084 1228 2151; x_wconf 84' lang='lat' dir='ltr'><strong>debebat?</strong></span> <span class='ocrx_word' id='word_1_147' title='bbox 1265 2083 1371 2148; x_wconf 91' lang='lat' dir='ltr'><strong>Immo</strong></span> <span class='ocrx_word' id='word_1_148' title='bbox 1391 2081 1506 2148; x_wconf 84' lang='lat' dir='ltr'><strong>verba</strong></span> 
     </span>
     <span class='ocr_line' id='line_1_18' title="bbox 349 2187 1504 2275; baseline -0.005 -23"><span class='ocrx_word' id='word_1_149' title='bbox 349 2193 414 2253; x_wconf 76' lang='lat' dir='ltr'><strong>‘lex</strong></span> <span class='ocrx_word' id='word_1_150' title='bbox 428 2198 527 2253; x_wconf 83' lang='lat' dir='ltr'><strong>eurem</strong></span> <span class='ocrx_word' id='word_1_151' title='bbox 539 2208 578 2252; x_wconf 90' lang='lat' dir='ltr'><strong>eo</strong></span> <span class='ocrx_word' id='word_1_152' title='bbox 593 2194 740 2253; x_wconf 74' lang='lat' dir='ltr'><strong>nomiae</strong></span> <span class='ocrx_word' id='word_1_153' title='bbox 752 2188 811 2274; x_wconf 88' lang='lat' dir='ltr'><strong>(sc.</strong></span> <span class='ocrx_word' id='word_1_154' title='bbox 823 2187 995 2275; x_wconf 87' lang='lat' dir='ltr'><strong>prohibiti)</strong></span> <span class='ocrx_word' id='word_1_155' title='bbox 1007 2192 1149 2252; x_wconf 78' lang='lat' dir='ltr'><strong>uultum</strong></span> <span class='ocrx_word' id='word_1_156' title='bbox 1159 2206 1317 2267; x_wconf 82' lang='lat' dir='ltr'><strong>poenam</strong></span> <span class='ocrx_word' id='word_1_157' title='bbox 1330 2188 1504 2251; x_wconf 70' lang='lat' dir='ltr'><strong>emorque.-</strong></span> 
     </span>
     <span class='ocr_line' id='line_1_19' title="bbox 349 2294 1501 2371; baseline -0.003 -16"><span class='ocrx_word' id='word_1_158' title='bbox 349 2296 404 2355; x_wconf 80' lang='lat' dir='ltr'><strong>boe</strong></span> <span class='ocrx_word' id='word_1_159' title='bbox 423 2297 517 2354; x_wconf 83' lang='lat' dir='ltr'><strong>solum</strong></span> <span class='ocrx_word' id='word_1_160' title='bbox 532 2296 741 2371; x_wconf 67' lang='lat' dir='ltr'><strong>praecepit,</strong></span> <span class='ocrx_word' id='word_1_161' title='bbox 762 2301 795 2354; x_wconf 78' lang='lat' dir='ltr'><strong>ur</strong></span> <span class='ocrx_word' id='word_1_162' title='bbox 813 2298 881 2370; x_wconf 78' lang='lat' dir='ltr'><strong>qur·</strong></span> <span class='ocrx_word' id='word_1_163' title='bbox 899 2310 1086 2370; x_wconf 82' lang='lat' dir='ltr'><strong>quaerere</strong></span> <span class='ocrx_word' id='word_1_164' title='bbox 1104 2296 1211 2368; x_wconf 79' lang='lat' dir='ltr'><strong>uelit,</strong></span> <span class='ocrx_word' id='word_1_165' title='bbox 1233 2294 1333 2355; x_wconf 80' lang='lat' dir='ltr'><strong>nudus</strong></span> <span class='ocrx_word' id='word_1_166' title='bbox 1352 2294 1501 2366; x_wconf 76' lang='lat' dir='ltr'><strong>quaerat‘</strong></span> 
     </span>
     <span class='ocr_line' id='line_1_20' title="bbox 349 2392 1502 2478; baseline -0.002 -21"><span class='ocrx_word' id='word_1_167' title='bbox 349 2416 377 2457; x_wconf 94' lang='lat' dir='ltr'><strong>e.</strong></span> <span class='ocrx_word' id='word_1_168' title='bbox 394 2415 425 2478; x_wconf 87' lang='lat' dir='ltr'><strong>q.</strong></span> <span class='ocrx_word' id='word_1_169' title='bbox 441 2414 467 2457; x_wconf 88' lang='lat' dir='ltr'><strong>s.</strong></span> <span class='ocrx_word' id='word_1_170' title='bbox 484 2430 526 2439; x_wconf 95' lang='lat'><em>-</em></span> <span class='ocrx_word' id='word_1_171' title='bbox 541 2393 571 2456; x_wconf 93' lang='lat' dir='ltr'><strong>si</strong></span> <span class='ocrx_word' id='word_1_172' title='bbox 586 2392 715 2458; x_wconf 85' lang='lat' dir='ltr'><strong>confers</strong></span> <span class='ocrx_word' id='word_1_173' title='bbox 731 2396 751 2475; x_wconf 67' lang='grc' dir='ltr'>ξ</span> <span class='ocrx_word' id='word_1_174' title='bbox 768 2392 829 2459; x_wconf 90' lang='grc'><strong>188</strong></span> <span class='ocrx_word' id='word_1_175' title='bbox 845 2396 914 2457; x_wconf 71' lang='lat' dir='ltr'><strong>‘Est</strong></span> <span class='ocrx_word' id='word_1_176' title='bbox 925 2398 1013 2457; x_wconf 74' lang='lat' dir='ltr'><strong>ettam</strong></span> <span class='ocrx_word' id='word_1_177' title='bbox 1021 2396 1168 2475; x_wconf 74' lang='lat' dir='ltr'><strong>prohibiti</strong></span> <span class='ocrx_word' id='word_1_178' title='bbox 1176 2395 1260 2469; x_wconf 77' lang='lat' dir='ltr'><strong>furti</strong></span> <span class='ocrx_word' id='word_1_179' title='bbox 1270 2397 1416 2457; x_wconf 67' lang='lat' dir='ltr'><strong>udum</strong></span> <span class='ocrx_word' id='word_1_180' title='bbox 1426 2408 1502 2454; x_wconf 80' lang='lat' dir='ltr'><strong>eum</strong></span> 
     </span>
    </p>
   </div>
   <div class='ocr_carea' id='block_1_3' title="bbox 235 2481 1497 2575">
    <p class='ocr_par' dir='ltr' id='par_1_3' title="bbox 235 2481 1497 2575">
     <span class='ocr_line' id='line_1_21' title="bbox 235 2481 1497 2575; baseline -0.002 -16"><span class='ocrx_word' id='word_1_181' title='bbox 235 2497 238 2502; x_wconf 83' lang='grc'><strong>’</strong></span> <span class='ocrx_word' id='word_1_182' title='bbox 349 2481 530 2575; x_wconf 74' lang='lat' dir='ltr'><strong>quisurtum</strong></span> <span class='ocrx_word' id='word_1_183' title='bbox 544 2515 731 2574; x_wconf 78' lang='lat' dir='ltr'><strong>quaerere</strong></span> <span class='ocrx_word' id='word_1_184' title='bbox 751 2502 927 2559; x_wconf 83' lang='lat' dir='ltr'><strong>uolentem</strong></span> <span class='ocrx_word' id='word_1_185' title='bbox 945 2499 1147 2575; x_wconf 79' lang='lat' dir='ltr'><strong>prohibuerr&#39;t&#39;</strong></span> <span class='ocrx_word' id='word_1_186' title='bbox 1162 2533 1206 2545; x_wconf 84' lang='lat'><em>-</em></span> <span class='ocrx_word' id='word_1_187' title='bbox 1220 2492 1365 2560; x_wconf 84' lang='lat' dir='ltr'><strong>dilucide</strong></span> <span class='ocrx_word' id='word_1_188' title='bbox 1384 2500 1497 2557; x_wconf 87' lang='lat' dir='ltr'><strong>osten-</strong></span> 
     </span>
    </p>
   </div>
   <div class='ocr_carea' id='block_1_4' title="bbox 291 2589 1561 4219">
    <p class='ocr_par' dir='ltr' id='par_1_4' title="bbox 291 2589 1561 4219">
     <span class='ocr_line' id='line_1_22' title="bbox 349 2589 1514 2685; baseline -0.006 -22"><span class='ocrx_word' id='word_1_189' title='bbox 349 2598 430 2663; x_wconf 88' lang='lat' dir='ltr'><strong>dunt</strong></span> <span class='ocrx_word' id='word_1_190' title='bbox 455 2618 516 2663; x_wconf 89' lang='lat' dir='ltr'><strong>nec</strong></span> <span class='ocrx_word' id='word_1_191' title='bbox 541 2596 743 2683; x_wconf 89' lang='lat' dir='ltr'><strong>prohibentis</strong></span> <span class='ocrx_word' id='word_1_192' title='bbox 767 2618 828 2662; x_wconf 90' lang='lat' dir='ltr'><strong>nec</strong></span> <span class='ocrx_word' id='word_1_193' title='bbox 852 2598 1010 2685; x_wconf 89' lang='lat' dir='ltr'><strong>prohibiti</strong></span> <span class='ocrx_word' id='word_1_194' title='bbox 1035 2596 1212 2682; x_wconf 86' lang='lat' dir='ltr'><strong>vestigium</strong></span> <span class='ocrx_word' id='word_1_195' title='bbox 1238 2599 1274 2661; x_wconf 90' lang='lat' dir='ltr'><strong>in</strong></span> <span class='ocrx_word' id='word_1_196' title='bbox 1294 2595 1366 2680; x_wconf 85' lang='lat' dir='ltr'><strong>lege</strong></span> <span class='ocrx_word' id='word_1_197' title='bbox 1388 2589 1514 2658; x_wconf 74' lang='lat' dir='ltr'><strong>ullum=</strong></span> 
     </span>
     <span class='ocr_line' id='line_1_23' title="bbox 349 2695 1497 2786; baseline -0.003 -23"><span class='ocrx_word' id='word_1_198' title='bbox 349 2698 468 2780; x_wconf 83' lang='lat' dir='ltr'><strong>fuisse,</strong></span> <span class='ocrx_word' id='word_1_199' title='bbox 489 2720 604 2764; x_wconf 83' lang='lat' dir='ltr'><strong>verum</strong></span> <span class='ocrx_word' id='word_1_200' title='bbox 620 2697 661 2764; x_wconf 88' lang='lat' dir='ltr'><strong>de</strong></span> <span class='ocrx_word' id='word_1_201' title='bbox 676 2700 791 2786; x_wconf 89' lang='lat' dir='ltr'><strong>quovis</strong></span> <span class='ocrx_word' id='word_1_202' title='bbox 814 2699 903 2765; x_wconf 85' lang='lat' dir='ltr'><strong>furto</strong></span> <span class='ocrx_word' id='word_1_203' title='bbox 924 2700 1138 2785; x_wconf 89' lang='lat' dir='ltr'><strong>concipiendo</strong></span> <span class='ocrx_word' id='word_1_204' title='bbox 1157 2700 1206 2765; x_wconf 87' lang='lat' dir='ltr'><strong>ita</strong></span> <span class='ocrx_word' id='word_1_205' title='bbox 1224 2707 1357 2764; x_wconf 84' lang='lat' dir='ltr'><strong>cautum</strong></span> <span class='ocrx_word' id='word_1_206' title='bbox 1377 2695 1497 2761; x_wconf 85' lang='lat' dir='ltr'><strong>fuisse.</strong></span> 
     </span>
     <span class='ocr_line' id='line_1_24' title="bbox 291 2798 1499 2895; baseline -0.002 -29"><span class='ocrx_word' id='word_1_207' title='bbox 291 2840 306 2895; x_wconf 22' lang='lat'><strong>⁴·</strong></span> <span class='ocrx_word' id='word_1_208' title='bbox 351 2801 441 2883; x_wconf 81' lang='lat' dir='ltr'><strong>Quin</strong></span> <span class='ocrx_word' id='word_1_209' title='bbox 459 2798 550 2865; x_wconf 86' lang='lat' dir='ltr'><strong>istud</strong></span> <span class='ocrx_word' id='word_1_210' title='bbox 571 2800 679 2886; x_wconf 90' lang='lat' dir='ltr'><strong>ipsum</strong></span> <span class='ocrx_word' id='word_1_211' title='bbox 701 2808 771 2880; x_wconf 81' lang='lat' dir='ltr'><strong>‘qur&#39;</strong></span> <span class='ocrx_word' id='word_1_212' title='bbox 796 2808 928 2868; x_wconf 81' lang='lat' dir='ltr'><strong>uestitum</strong></span> <span class='ocrx_word' id='word_1_213' title='bbox 948 2822 1095 2881; x_wconf 84' lang='lat' dir='ltr'><strong>quaerere</strong></span> <span class='ocrx_word' id='word_1_214' title='bbox 1111 2805 1263 2882; x_wconf 79' lang='lat' dir='ltr'><strong>probibet,</strong></span> <span class='ocrx_word' id='word_1_215' title='bbox 1287 2808 1362 2866; x_wconf 65' lang='lat' dir='ltr'><strong>rtet</strong></span> <span class='ocrx_word' id='word_1_216' title='bbox 1382 2803 1499 2864; x_wconf 81' lang='lat' dir='ltr'><strong>nudum</strong></span> 
     </span>
     <span class='ocr_line' id='line_1_25' title="bbox 336 2901 1520 2987; baseline -0.006 -18"><span class='ocrx_word' id='word_1_217' title='bbox 336 2924 497 2984; x_wconf 83' lang='lat' dir='ltr'><strong>,quaerere</strong></span> <span class='ocrx_word' id='word_1_218' title='bbox 506 2907 713 2982; x_wconf 78' lang='lat' dir='ltr'><strong>prohibiturus</strong></span> <span class='ocrx_word' id='word_1_219' title='bbox 726 2912 785 2969; x_wconf 80' lang='lat' dir='ltr'><strong>ert’</strong></span> <span class='ocrx_word' id='word_1_220' title='bbox 802 2905 862 2971; x_wconf 89' lang='lat' dir='ltr'><strong>vix</strong></span> <span class='ocrx_word' id='word_1_221' title='bbox 876 2904 1018 2970; x_wconf 81' lang='lat' dir='ltr'><strong>dixisset</strong></span> <span class='ocrx_word' id='word_1_222' title='bbox 1038 2902 1308 2987; x_wconf 87' lang='lat' dir='ltr'><strong>iureconsultus,</strong></span> <span class='ocrx_word' id='word_1_223' title='bbox 1324 2902 1353 2968; x_wconf 90' lang='lat' dir='ltr'><strong>si</strong></span> <span class='ocrx_word' id='word_1_224' title='bbox 1372 2901 1407 2967; x_wconf 90' lang='lat' dir='ltr'><strong>in</strong></span> <span class='ocrx_word' id='word_1_225' title='bbox 1421 2903 1500 2987; x_wconf 76' lang='lat' dir='ltr'><strong>ipsa</strong></span> <span class='ocrx_word' id='word_1_226' title='bbox 1516 2955 1520 2961; x_wconf 94' lang='lat'>.</span> 
     </span>
     <span class='ocr_line' id='line_1_26' title="bbox 351 2996 1497 3094; baseline -0.001 -25"><span class='ocrx_word' id='word_1_227' title='bbox 351 3005 422 3091; x_wconf 84' lang='lat' dir='ltr'><strong>lege</strong></span> <span class='ocrx_word' id='word_1_228' title='bbox 438 3002 605 3073; x_wconf 85' lang='lat' dir='ltr'><strong>disertis</strong></span> <span class='ocrx_word' id='word_1_229' title='bbox 621 3006 761 3071; x_wconf 84' lang='lat' dir='ltr'><strong>verbis</strong></span> <span class='ocrx_word' id='word_1_230' title='bbox 777 3017 927 3073; x_wconf 89' lang='lat' dir='ltr'><strong>sanctum</strong></span> <span class='ocrx_word' id='word_1_231' title='bbox 942 3007 1156 3094; x_wconf 86' lang='lat' dir='ltr'><strong>repperisset,</strong></span> <span class='ocrx_word' id='word_1_232' title='bbox 1178 3016 1216 3072; x_wconf 92' lang='lat' dir='ltr'><strong>ut</strong></span> <span class='ocrx_word' id='word_1_233' title='bbox 1233 3007 1264 3070; x_wconf 89' lang='lat' dir='ltr'><strong>is</strong></span> <span class='ocrx_word' id='word_1_234' title='bbox 1280 3005 1336 3091; x_wconf 89' lang='lat' dir='ltr'><strong>qui</strong></span> <span class='ocrx_word' id='word_1_235' title='bbox 1356 2996 1497 3092; x_wconf 88' lang='lat' dir='ltr'><strong>prohi-</strong></span> 
     </span>
     <span class='ocr_line' id='line_1_27' title="bbox 350 3106 1497 3195; baseline -0.003 -22"><span class='ocrx_word' id='word_1_236' title='bbox 350 3108 461 3173; x_wconf 84' lang='lat' dir='ltr'><strong>bitus</strong></span> <span class='ocrx_word' id='word_1_237' title='bbox 477 3116 565 3173; x_wconf 88' lang='lat' dir='ltr'><strong>esset</strong></span> <span class='ocrx_word' id='word_1_238' title='bbox 580 3128 752 3193; x_wconf 86' lang='lat' dir='ltr'><strong>quaerere,</strong></span> <span class='ocrx_word' id='word_1_239' title='bbox 768 3130 843 3175; x_wconf 90' lang='lat' dir='ltr'><strong>oum</strong></span> <span class='ocrx_word' id='word_1_240' title='bbox 857 3108 951 3175; x_wconf 88' lang='lat' dir='ltr'><strong>lance</strong></span> <span class='ocrx_word' id='word_1_241' title='bbox 966 3120 1000 3175; x_wconf 88' lang='lat' dir='ltr'><strong>et</strong></span> <span class='ocrx_word' id='word_1_242' title='bbox 1013 3109 1089 3175; x_wconf 89' lang='lat' dir='ltr'><strong>lioio</strong></span> <span class='ocrx_word' id='word_1_243' title='bbox 1102 3109 1331 3195; x_wconf 88' lang='lat' dir='ltr'><strong>quaestionem</strong></span> <span class='ocrx_word' id='word_1_244' title='bbox 1344 3106 1497 3171; x_wconf 86' lang='lat' dir='ltr'><strong>institue·</strong></span> 
     </span>
     <span class='ocr_line' id='line_1_28' title="bbox 350 3207 1497 3296; baseline -0.003 -21"><span class='ocrx_word' id='word_1_245' title='bbox 350 3220 415 3275; x_wconf 90' lang='lat' dir='ltr'><strong>ret:</strong></span> <span class='ocrx_word' id='word_1_246' title='bbox 434 3210 643 3296; x_wconf 90' lang='lat' dir='ltr'><strong>nequeenim</strong></span> <span class='ocrx_word' id='word_1_247' title='bbox 658 3221 728 3277; x_wconf 92' lang='lat' dir='ltr'><strong>tum</strong></span> <span class='ocrx_word' id='word_1_248' title='bbox 744 3210 797 3277; x_wconf 91' lang='lat' dir='ltr'><strong>vel</strong></span> <span class='ocrx_word' id='word_1_249' title='bbox 812 3220 943 3277; x_wconf 88' lang='lat' dir='ltr'><strong>tacente</strong></span> <span class='ocrx_word' id='word_1_250' title='bbox 962 3210 1034 3295; x_wconf 85' lang='lat' dir='ltr'><strong>lege</strong></span> <span class='ocrx_word' id='word_1_251' title='bbox 1054 3210 1170 3295; x_wconf 84' lang='lat' dir='ltr'><strong>fugere</strong></span> <span class='ocrx_word' id='word_1_252' title='bbox 1189 3232 1263 3275; x_wconf 90' lang='lat' dir='ltr'><strong>eum</strong></span> <span class='ocrx_word' id='word_1_253' title='bbox 1284 3208 1393 3296; x_wconf 89' lang='lat' dir='ltr'><strong>potuit</strong></span> <span class='ocrx_word' id='word_1_254' title='bbox 1409 3207 1497 3272; x_wconf 86' lang='lat' dir='ltr'><strong>hanc</strong></span> 
     </span>
     <span class='ocr_line' id='line_1_29' title="bbox 353 3310 1497 3400; baseline -0.003 -21"><span class='ocrx_word' id='word_1_255' title='bbox 353 3310 542 3379; x_wconf 90' lang='lat' dir='ltr'><strong>sollemnem</strong></span> <span class='ocrx_word' id='word_1_256' title='bbox 558 3314 780 3399; x_wconf 87' lang='lat' dir='ltr'><strong>quaestionem</strong></span> <span class='ocrx_word' id='word_1_257' title='bbox 796 3323 829 3380; x_wconf 90' lang='lat' dir='ltr'><strong>et</strong></span> <span class='ocrx_word' id='word_1_258' title='bbox 843 3314 951 3400; x_wconf 84' lang='lat' dir='ltr'><strong>ipsam</strong></span> <span class='ocrx_word' id='word_1_259' title='bbox 965 3312 1132 3400; x_wconf 81' lang='lat' dir='ltr'><strong>prohiberi</strong></span> <span class='ocrx_word' id='word_1_260' title='bbox 1147 3313 1199 3378; x_wconf 86' lang='lat' dir='ltr'><strong>fas</strong></span> <span class='ocrx_word' id='word_1_261' title='bbox 1214 3312 1286 3399; x_wconf 86' lang='lat' dir='ltr'><strong>lege</strong></span> <span class='ocrx_word' id='word_1_262' title='bbox 1300 3332 1366 3376; x_wconf 91' lang='lat' dir='ltr'><strong>non</strong></span> <span class='ocrx_word' id='word_1_263' title='bbox 1381 3310 1497 3375; x_wconf 87' lang='lat' dir='ltr'><strong>fuisse.</strong></span> 
     </span>
     <span class='ocr_line' id='line_1_30' title="bbox 352 3413 1497 3501; baseline -0.003 -21"><span class='ocrx_word' id='word_1_264' title='bbox 352 3416 461 3501; x_wconf 87' lang='lat' dir='ltr'><strong>Atque</strong></span> <span class='ocrx_word' id='word_1_265' title='bbox 483 3413 545 3480; x_wconf 90' lang='lat' dir='ltr'><strong>hac</strong></span> <span class='ocrx_word' id='word_1_266' title='bbox 564 3416 598 3479; x_wconf 91' lang='lat' dir='ltr'><strong>in</strong></span> <span class='ocrx_word' id='word_1_267' title='bbox 620 3438 656 3480; x_wconf 91' lang='lat' dir='ltr'><strong>rc</strong></span> <span class='ocrx_word' id='word_1_268' title='bbox 677 3415 776 3481; x_wconf 89' lang='lat' dir='ltr'><strong>fidem</strong></span> <span class='ocrx_word' id='word_1_269' title='bbox 791 3415 877 3481; x_wconf 83' lang='lat' dir='ltr'><strong>Gaio</strong></span> <span class='ocrx_word' id='word_1_270' title='bbox 899 3415 1126 3501; x_wconf 83' lang='lat' dir='ltr'><strong>denegandam</strong></span> <span class='ocrx_word' id='word_1_271' title='bbox 1148 3437 1221 3481; x_wconf 89' lang='lat' dir='ltr'><strong>esse</strong></span> <span class='ocrx_word' id='word_1_272' title='bbox 1241 3416 1313 3501; x_wconf 90' lang='lat' dir='ltr'><strong>ipse</strong></span> <span class='ocrx_word' id='word_1_273' title='bbox 1328 3414 1497 3499; x_wconf 85' lang='lat' dir='ltr'><strong>Vangere·</strong></span> 
     </span>
     <span class='ocr_line' id='line_1_31' title="bbox 351 3516 1495 3605; baseline -0.002 -24"><span class='ocrx_word' id='word_1_274' title='bbox 351 3516 433 3581; x_wconf 83' lang='lat' dir='ltr'><strong>wius</strong></span> <span class='ocrx_word' id='word_1_275' title='bbox 450 3516 600 3582; x_wconf 87' lang='lat' dir='ltr'><strong>concedit</strong></span> <span class='ocrx_word' id='word_1_276' title='bbox 614 3540 646 3604; x_wconf 93' lang='lat' dir='ltr'><strong>p.</strong></span> <span class='ocrx_word' id='word_1_277' title='bbox 656 3518 697 3581; x_wconf 76' lang='lat'><strong>22</strong></span> <span class='ocrx_word' id='word_1_278' title='bbox 713 3540 760 3605; x_wconf 90' lang='lat' dir='ltr'><strong>sq.</strong></span> <span class='ocrx_word' id='word_1_279' title='bbox 771 3519 813 3605; x_wconf 78' lang='grc'><strong>1);</strong></span> <span class='ocrx_word' id='word_1_280' title='bbox 830 3518 893 3584; x_wconf 85' lang='lat' dir='ltr'><strong>etsi</strong></span> <span class='ocrx_word' id='word_1_281' title='bbox 907 3519 936 3584; x_wconf 92' lang='lat' dir='ltr'><strong>is</strong></span> <span class='ocrx_word' id='word_1_282' title='bbox 951 3529 1051 3603; x_wconf 86' lang='lat' dir='ltr'><strong>auget</strong></span> <span class='ocrx_word' id='word_1_283' title='bbox 1062 3539 1220 3602; x_wconf 80' lang='lat' dir='ltr'><strong>errorem3</strong></span> <span class='ocrx_word' id='word_1_284' title='bbox 1237 3518 1294 3604; x_wconf 91' lang='lat' dir='ltr'><strong>qui</strong></span> <span class='ocrx_word' id='word_1_285' title='bbox 1308 3518 1388 3604; x_wconf 90' lang='lat' dir='ltr'><strong>quin</strong></span> <span class='ocrx_word' id='word_1_286' title='bbox 1402 3536 1495 3604; x_wconf 90' lang='lat' dir='ltr'><strong>pro·</strong></span> 
     </span>
     <span class='ocr_line' id='line_1_32' title="bbox 351 3618 1496 3708; baseline 0.001 -26"><span class='ocrx_word' id='word_1_287' title='bbox 351 3618 524 3683; x_wconf 90' lang='lat' dir='ltr'><strong>hibitum</strong></span> <span class='ocrx_word' id='word_1_288' title='bbox 539 3618 689 3684; x_wconf 81' lang='lat' dir='ltr'><strong>furtum</strong></span> <span class='ocrx_word' id='word_1_289' title='bbox 704 3621 771 3685; x_wconf 89' lang='lat' dir='ltr'><strong>iam</strong></span> <span class='ocrx_word' id='word_1_290' title='bbox 786 3644 829 3685; x_wconf 81' lang='lat' dir='ltr'><strong>ex</strong></span> <span class='ocrx_word' id='word_1_291' title='bbox 843 3620 915 3687; x_wconf 88' lang='lat' dir='ltr'><strong>XII</strong></span> <span class='ocrx_word' id='word_1_292' title='bbox 930 3620 1117 3687; x_wconf 86' lang='lat' dir='ltr'><strong>tabularum</strong></span> <span class='ocrx_word' id='word_1_293' title='bbox 1131 3621 1203 3708; x_wconf 88' lang='lat' dir='ltr'><strong>iure</strong></span> <span class='ocrx_word' id='word_1_294' title='bbox 1217 3620 1306 3685; x_wconf 84' lang='lat' dir='ltr'><strong>furto</strong></span> <span class='ocrx_word' id='word_1_295' title='bbox 1320 3618 1496 3685; x_wconf 84' lang='lat' dir='ltr'><strong>manifesto</strong></span> 
     </span>
     <span class='ocr_line' id='line_1_33' title="bbox 352 3720 1496 3810; baseline -0.001 -25"><span class='ocrx_word' id='word_1_296' title='bbox 352 3720 600 3807; x_wconf 88' lang='lat' dir='ltr'><strong>aequiparatum</strong></span> <span class='ocrx_word' id='word_1_297' title='bbox 622 3720 736 3805; x_wconf 88' lang='lat' dir='ltr'><strong>fuerit,</strong></span> <span class='ocrx_word' id='word_1_298' title='bbox 758 3722 868 3789; x_wconf 90' lang='lat' dir='ltr'><strong>nullus</strong></span> <span class='ocrx_word' id='word_1_299' title='bbox 888 3723 1027 3790; x_wconf 89' lang='lat' dir='ltr'><strong>dubitet.</strong></span> <span class='ocrx_word' id='word_1_300' title='bbox 1061 3724 1122 3806; x_wconf 87' lang='lat' dir='ltr'><strong>At,</strong></span> <span class='ocrx_word' id='word_1_301' title='bbox 1144 3722 1233 3810; x_wconf 91' lang='lat' dir='ltr'><strong>quod</strong></span> <span class='ocrx_word' id='word_1_302' title='bbox 1255 3722 1344 3804; x_wconf 79' lang='lat' dir='ltr'><strong>dini,</strong></span> <span class='ocrx_word' id='word_1_303' title='bbox 1366 3722 1401 3785; x_wconf 92' lang='lat' dir='ltr'><strong>in</strong></span> <span class='ocrx_word' id='word_1_304' title='bbox 1421 3742 1496 3786; x_wconf 90' lang='lat' dir='ltr'><strong>con·</strong></span> 
     </span>
     <span class='ocr_line' id='line_1_34' title="bbox 351 3822 1497 3912; baseline 0 -26"><span class='ocrx_word' id='word_1_305' title='bbox 351 3822 488 3887; x_wconf 84' lang='lat' dir='ltr'><strong>trariam</strong></span> <span class='ocrx_word' id='word_1_306' title='bbox 502 3824 613 3910; x_wconf 90' lang='lat' dir='ltr'><strong>potius</strong></span> <span class='ocrx_word' id='word_1_307' title='bbox 627 3836 755 3912; x_wconf 88' lang='lat' dir='ltr'><strong>partem</strong></span> <span class='ocrx_word' id='word_1_308' title='bbox 762 3826 827 3891; x_wconf 85' lang='lat' dir='ltr'><strong>Gai</strong></span> <span class='ocrx_word' id='word_1_309' title='bbox 842 3848 932 3894; x_wconf 86' lang='lat' dir='ltr'><strong>error</strong></span> <span class='ocrx_word' id='word_1_310' title='bbox 947 3824 1051 3892; x_wconf 87' lang='lat' dir='ltr'><strong>valet:</strong></span> <span class='ocrx_word' id='word_1_311' title='bbox 1068 3826 1124 3912; x_wconf 91' lang='lat' dir='ltr'><strong>qui</strong></span> <span class='ocrx_word' id='word_1_312' title='bbox 1139 3848 1214 3891; x_wconf 89' lang='lat' dir='ltr'><strong>cum</strong></span> <span class='ocrx_word' id='word_1_313' title='bbox 1228 3824 1328 3891; x_wconf 88' lang='lat' dir='ltr'><strong>semel</strong></span> <span class='ocrx_word' id='word_1_314' title='bbox 1344 3823 1497 3911; x_wconf 90' lang='lat' dir='ltr'><strong>opinione</strong></span> 
     </span>
     <span class='ocr_line' id='line_1_35' title="bbox 350 3923 1561 4016; baseline -0.001 -27"><span class='ocrx_word' id='word_1_315' title='bbox 350 3926 574 4012; x_wconf 86' lang='lat' dir='ltr'><strong>praecepisset</strong></span> <span class='ocrx_word' id='word_1_316' title='bbox 587 3936 760 4015; x_wconf 85' lang='lat' dir='ltr'><strong>utramque</strong></span> <span class='ocrx_word' id='word_1_317' title='bbox 775 3950 915 4013; x_wconf 89' lang='lat' dir='ltr'><strong>poenam</strong></span> <span class='ocrx_word' id='word_1_318' title='bbox 929 3938 963 3993; x_wconf 90' lang='lat' dir='ltr'><strong>et</strong></span> <span class='ocrx_word' id='word_1_319' title='bbox 978 3928 1126 4016; x_wconf 89' lang='lat' dir='ltr'><strong>concepti</strong></span> <span class='ocrx_word' id='word_1_320' title='bbox 1141 3938 1239 4014; x_wconf 86' lang='lat' dir='ltr'><strong>atque</strong></span> <span class='ocrx_word' id='word_1_321' title='bbox 1252 3926 1356 3994; x_wconf 89' lang='lat' dir='ltr'><strong>oblati</strong></span> <span class='ocrx_word' id='word_1_322' title='bbox 1371 3923 1453 3991; x_wconf 81' lang='lat' dir='ltr'><strong>furti</strong></span> <span class='ocrx_word' id='word_1_323' title='bbox 1464 3933 1498 3989; x_wconf 90' lang='lat' dir='ltr'><strong>ct</strong></span> <span class='ocrx_word' id='word_1_324' title='bbox 1521 3946 1529 3959; x_wconf 78' lang='lat'><strong><em>‘</em></strong></span> <span class='ocrx_word' id='word_1_325' title='bbox 1557 3992 1561 3999; x_wconf 68' lang='grc'><em>,</em></span> 
     </span>
     <span class='ocr_line' id='line_1_36' title="bbox 352 4025 1497 4117; baseline -0.001 -26"><span class='ocrx_word' id='word_1_326' title='bbox 352 4048 426 4092; x_wconf 88' lang='lat' dir='ltr'><strong>eum</strong></span> <span class='ocrx_word' id='word_1_327' title='bbox 441 4026 535 4093; x_wconf 89' lang='lat' dir='ltr'><strong>lance</strong></span> <span class='ocrx_word' id='word_1_328' title='bbox 550 4039 583 4095; x_wconf 90' lang='lat' dir='ltr'><strong>et</strong></span> <span class='ocrx_word' id='word_1_329' title='bbox 603 4028 680 4096; x_wconf 86' lang='lat' dir='ltr'><strong>licio</strong></span> <span class='ocrx_word' id='word_1_330' title='bbox 701 4030 850 4117; x_wconf 92' lang='lat' dir='ltr'><strong>concepti</strong></span> <span class='ocrx_word' id='word_1_331' title='bbox 873 4052 938 4095; x_wconf 92' lang='lat' dir='ltr'><strong>una</strong></span> <span class='ocrx_word' id='word_1_332' title='bbox 959 4031 1087 4116; x_wconf 84' lang='lat' dir='ltr'><strong>exlege</strong></span> <span class='ocrx_word' id='word_1_333' title='bbox 1103 4030 1174 4100; x_wconf 86' lang='lat' dir='ltr'><strong>XII</strong></span> <span class='ocrx_word' id='word_1_334' title='bbox 1189 4030 1311 4117; x_wconf 89' lang='lat' dir='ltr'><strong>repeti,</strong></span> <span class='ocrx_word' id='word_1_335' title='bbox 1330 4027 1408 4093; x_wconf 89' lang='lat' dir='ltr'><strong>huic</strong></span> <span class='ocrx_word' id='word_1_336' title='bbox 1428 4025 1497 4115; x_wconf 93' lang='lat' dir='ltr'><strong>opi·</strong></span> 
     </span>
     <span class='ocr_line' id='line_1_37' title="bbox 352 4128 1498 4219; baseline -0.001 -24"><span class='ocrx_word' id='word_1_337' title='bbox 352 4130 443 4195; x_wconf 92' lang='lat' dir='ltr'><strong>nioni</strong></span> <span class='ocrx_word' id='word_1_338' title='bbox 457 4130 565 4217; x_wconf 88' lang='lat' dir='ltr'><strong>ipsum</strong></span> <span class='ocrx_word' id='word_1_339' title='bbox 587 4130 669 4217; x_wconf 80' lang='lat' dir='ltr'><strong>legis</strong></span> <span class='ocrx_word' id='word_1_340' title='bbox 691 4140 904 4219; x_wconf 89' lang='lat' dir='ltr'><strong>pracceptum</strong></span> <span class='ocrx_word' id='word_1_341' title='bbox 924 4134 1074 4219; x_wconf 89' lang='lat' dir='ltr'><strong>quamvis</strong></span> <span class='ocrx_word' id='word_1_342' title='bbox 1089 4134 1232 4200; x_wconf 86' lang='lat' dir='ltr'><strong>invitum</strong></span> <span class='ocrx_word' id='word_1_343' title='bbox 1252 4128 1498 4198; x_wconf 84' lang='lat' dir='ltr'><strong>accommodare</strong></span> 
     </span>
    </p>
   </div>
   <div class='ocr_carea' id='block_1_5' title="bbox 354 4282 557 4299">
    <p class='ocr_par' dir='ltr' id='par_1_5' title="bbox 354 4282 557 4299">
     <span class='ocr_line' id='line_1_38' title="bbox 354 4282 557 4299; baseline 0.005 -2"><span class='ocrx_word' id='word_1_344' title='bbox 354 4282 557 4299; x_wconf 66' lang='lat' dir='ltr'><strong>n—..n—h——n-</strong></span> 
     </span>
    </p>
   </div>
   <div class='ocr_carea' id='block_1_6' title="bbox 354 4388 1498 4628">
    <p class='ocr_par' dir='ltr' id='par_1_6' title="bbox 354 4388 1498 4628">
     <span class='ocr_line' id='line_1_39' title="bbox 423 4388 1497 4459; baseline 0 -19"><span class='ocrx_word' id='word_1_345' title='bbox 423 4388 442 4451; x_wconf 87' lang='lat'><strong>¹)</strong></span> <span class='ocrx_word' id='word_1_346' title='bbox 463 4390 499 4441; x_wconf 88' lang='lat' dir='ltr'><strong>cf.</strong></span> <span class='ocrx_word' id='word_1_347' title='bbox 519 4390 579 4440; x_wconf 82' lang='lat' dir='ltr'><strong>Nlo.</strong></span> <span class='ocrx_word' id='word_1_348' title='bbox 600 4388 774 4455; x_wconf 83' lang='lat' dir='ltr'><strong>Handjeryus</strong></span> <span class='ocrx_word' id='word_1_349' title='bbox 793 4391 873 4443; x_wconf 83' lang='lat' dir='ltr'><strong>Obss.</strong></span> <span class='ocrx_word' id='word_1_350' title='bbox 892 4392 927 4446; x_wconf 89' lang='lat' dir='ltr'><strong>de</strong></span> <span class='ocrx_word' id='word_1_351' title='bbox 945 4394 1026 4444; x_wconf 83' lang='lat' dir='ltr'><strong>furtis</strong></span> <span class='ocrx_word' id='word_1_352' title='bbox 1045 4410 1072 4459; x_wconf 90' lang='lat' dir='ltr'><strong>p.</strong></span> <span class='ocrx_word' id='word_1_353' title='bbox 1090 4394 1124 4443; x_wconf 75' lang='lat'><strong>26</strong></span> <span class='ocrx_word' id='word_1_354' title='bbox 1141 4408 1202 4457; x_wconf 88' lang='lat' dir='ltr'><strong>sqq.</strong></span> <span class='ocrx_word' id='word_1_355' title='bbox 1222 4392 1269 4457; x_wconf 90' lang='lat' dir='ltr'><strong>qni</strong></span> <span class='ocrx_word' id='word_1_356' title='bbox 1287 4392 1411 4458; x_wconf 82' lang='lat' dir='ltr'><strong>explicat</strong></span> <span class='ocrx_word' id='word_1_357' title='bbox 1429 4390 1497 4441; x_wconf 83' lang='lat' dir='ltr'><strong>satis</strong></span> 
     </span>
     <span class='ocr_line' id='line_1_40' title="bbox 354 4473 1498 4543; baseline 0 -19"><span class='ocrx_word' id='word_1_358' title='bbox 354 4474 485 4526; x_wconf 81' lang='lat' dir='ltr'><strong>habuisse</strong></span> <span class='ocrx_word' id='word_1_359' title='bbox 504 4473 675 4527; x_wconf 80' lang='lat' dir='ltr'><strong>decemviros</strong></span> <span class='ocrx_word' id='word_1_360' title='bbox 694 4476 884 4540; x_wconf 84' lang='lat' dir='ltr'><strong>quaestionem</strong></span> <span class='ocrx_word' id='word_1_361' title='bbox 909 4478 1083 4543; x_wconf 86' lang='lat' dir='ltr'><strong>permittere,</strong></span> <span class='ocrx_word' id='word_1_362' title='bbox 1102 4476 1315 4543; x_wconf 85' lang='lat' dir='ltr'><strong>prohibitionem</strong></span> <span class='ocrx_word' id='word_1_363' title='bbox 1334 4492 1416 4543; x_wconf 77' lang='lat' dir='ltr'><strong>quam</strong></span> <span class='ocrx_word' id='word_1_364' title='bbox 1433 4490 1498 4541; x_wconf 81' lang='lat' dir='ltr'><strong>spes</strong></span> 
     </span>
     <span class='ocr_line' id='line_1_41' title="bbox 354 4558 1193 4628; baseline 0.004 -19"><span class='ocrx_word' id='word_1_365' title='bbox 354 4574 409 4610; x_wconf 91' lang='lat' dir='ltr'><strong>non</strong></span> <span class='ocrx_word' id='word_1_366' title='bbox 429 4558 529 4611; x_wconf 75' lang='lat' dir='ltr'><strong>tuimet</strong></span> <span class='ocrx_word' id='word_1_367' title='bbox 546 4560 605 4612; x_wconf 77' lang='lat' dir='ltr'><strong>fore</strong></span> <span class='ocrx_word' id='word_1_368' title='bbox 623 4566 653 4611; x_wconf 88' lang='lat' dir='ltr'><strong>nt</strong></span> <span class='ocrx_word' id='word_1_369' title='bbox 671 4562 814 4627; x_wconf 71' lang='lat' dir='ltr'><strong>qumquem</strong></span> <span class='ocrx_word' id='word_1_370' title='bbox 833 4562 962 4627; x_wconf 83' lang='lat' dir='ltr'><strong>auderet,</strong></span> <span class='ocrx_word' id='word_1_371' title='bbox 979 4578 1035 4613; x_wconf 88' lang='lat' dir='ltr'><strong>non</strong></span> <span class='ocrx_word' id='word_1_372' title='bbox 1052 4563 1193 4628; x_wconf 74' lang='lat' dir='ltr'><strong>tetigime.</strong></span> 
     </span>
    </p>
   </div>
   <div class='ocr_carea' id='block_1_7' title="bbox 0 0 1720 5409">
    <p class='ocr_par' dir='ltr' id='par_1_7' title="bbox 0 0 1720 5409">
     <span class='ocr_line' id='line_1_42' title="bbox 0 0 1720 5409; baseline 0 0"><span class='ocrx_word' id='word_1_373' title='bbox 0 0 1720 5409; x_wconf 95' lang='lat' dir='ltr'><strong> </strong></span> 
     </span>
    </p>
   </div>
  </div>
 </body>
</html>
