3409 5409
343 440 386 504 54
760 452 874 502 cervo
896 451 1063 501 ruurrvrr.

344 608 407 675 teri
422 608 526 675 solere
538 647 578 657 —
595 631 693 696 quam
708 608 742 673 in
752 616 882 696 partem
895 606 981 673 male
995 628 1094 695 saepe
1109 610 1317 696 accipiuntur
1323 608 1510 675 Ciceronis

345 712 447 779 verbe
462 711 503 777 de
519 711 583 796 leg.
598 711 633 776 II
648 710 680 792 4,
697 711 717 777 9
733 712 772 773 ‘A
782 716 891 791 paruis
904 716 999 783 enim,
1017 714 1139 788 (litium,
1155 716 1315 777 didicimus
1329 716 1392 777 “si
1405 719 1443 777 im
1459 718 1512 777 ius

347 820 460 881 oocut'’
477 826 567 893 utque
581 821 660 879 ulios
673 818 819 879 eiusmodi
835 820 916 891 loyes
940 818 1115 877 nominore’
1131 840 1191 875 —:
1211 812 1273 880 hoc
1293 813 1436 879 minime
1457 814 1508 880 ad

344 916 473 1003 singule
492 914 573 1001 legis
595 924 771 1003 praecepte
790 914 963 980 transferri
983 916 1092 983 debet.
1129 915 1255 982 Verum
1275 917 1411 981 omnino
1435 918 1509 983 iste

344 1019 446 1087 verbe
461 1041 481 1083 a
496 1016 568 1103 lege
583 1017 654 1083 XII
670 1016 778 1082 alieno
793 1027 882 1083 sunt:
907 1040 992 1105 quae
1012 1030 1068 1083 eut
1081 1018 1180 1085 fallor
1194 1029 1252 1085 aut
1267 1018 1310 1085 ed
1326 1028 1508 1085 vetustum

345 1120 425 1206 legis
442 1114 483 1185 de
498 1117 721 1206 perduellione
736 1142 868 1185 carmen
880 1119 1056 1186 referende
1070 1132 1157 1204 eunt,
1173 1122 1263 1209 quod
1277 1124 1312 1187 in
1324 1120 1508 1188 Horatii

345 1220 568 1309 parricidio
584 1220 782 1289 vindicando
794 1224 817 1310 ¹)
833 1220 1017 1287 adhibitum
1032 1245 1104 1291 esse
1116 1223 1235 1289 Livius
1246 1222 1446 1305 refert126,
1460 1225 1503 1288 e:

345 1330 423 1389 ‘Lex
437 1328 583 1389 torrendi
595 1330 737 1389 carminis
751 1336 833 1389 erut:
849 1329 999 1413 duumobi
1008 1329 1244 1404 perduellionem
1259 1331 1408 1393 iudicent.
1433 1333 1467 1391 si
1478 1347 1505 1389 n

345 1432 508 1493 duumviris
516 1432 705 1507 provocmu,
716 1433 929 1507 prouocatione
943 1438 1065 1493 certato.
1094 1433 1122 1491 si
1135 1434 1264 1507 uincent,
1286 1438 1404 1509 copul
1423 1432 1502 1493 ob-

345 1534 488 1606 nubilo,
505 1532 622 1606 infelici
634 1533 739 1594 arbori
751 1543 828 1595 reste
841 1534 1027 1610 suspendite,
1048 1534 1202 1595 verberato
1222 1538 1268 1596 uel
1287 1538 1368 1599 intro
1385 1550 1502 1611 pome-

347 1640 426 1697 rium
444 1634 492 1697 'uel
509 1642 599 1697 extro
618 1638 807 1712 pomerium!
815 1632 842 1719 ²)
874 1632 968 1713 Quoue
983 1631 1098 1699 Cicero
1118 1634 1154 1697 in
1175 1654 1222 1699 or.
1238 1656 1271 1720 p.
1287 1632 1403 1700 Rebir.
1419 1654 1500 1720 per·

349 1733 448 1799 duell.
464 1735 501 1816 4,
520 1734 559 1799 13
581 1755 624 1799 ex
645 1738 819 1799 ‘curialium
839 1741 1032 1799 monumentis
1051 1746 1081 1798 et
1099 1756 1206 1813 recum
1219 1733 1500 1819 mmmmmme’i)

348 1836 404 1919 (ei.
419 1834 451 1917 5,
470 1835 523 1920 15)
541 1844 696 1920 excerpts
710 1837 845 1923 repetit:
862 1839 952 1916 ‘quoe
971 1832 1052 1900 te'-
1070 1841 1219 1901 delectent
1232 1845 1283 1919 “i,
1298 1844 1400 1915 lictor,
1415 1856 1500 1901 con-

251 1988 257 1993 .
344 1945 407 2017 lico
422 1943 575 2003 nunnus’':
590 1939 679 2015 ‘quae
693 1957 752 2002 non
766 1944 852 2003 modo
866 1944 954 2005 tutus
967 1944 1111 2005 libertatis
1124 1944 1420 2020 mansuetudinisque
1433 1958 1498 2003 non

345 2050 427 2117 sunt,
442 2044 546 2104 sedne
561 2041 681 2103 Romuli
697 2045 815 2119 quidem
830 2054 883 2105 out
893 2046 1009 2107 Numae
1020 2047 1175 2123 Pompilii:
1193 2045 1364 2123 Tarquinii,
1379 2062 1497 2123 super-

346 2148 558 2221 bissenumque
573 2144 772 2207 crudelissimi
789 2150 884 2223 repis,
906 2151 962 2209 isio
983 2157 1052 2210 sunt
1070 2153 1223 2212 cruciotm
1243 2151 1393 2219 carmine,
1415 2164 1498 2225 quoe

416 2438 434 2503 ¹)
454 2437 488 2488 de
506 2437 560 2490 hoo
582 2452 611 2488 re
636 2438 1161 2506 cf.Seboemannus0puse.188sq.
1185 2441 1232 2507 qui
1256 2443 1352 2490 cetere
1372 2437 1497 2489 virorum

346 2524 487 2577 doctorum
505 2524 611 2591 scripte
629 2524 772 2590 congessit
789 2540 816 2575 n.
835 2526 877 2577 78.
894 2522 1053 2575 Rndorffius
1070 2524 1105 2575 Η.
1125 2526 1143 2579 i.
1162 2540 1183 2575 r.
1203 2524 1232 2575 11
1249 2541 1277 2590 p.
1295 2524 1346 2575 866
1363 2540 1390 2575 n.
1410 2525 1433 2574 1.

415 2626 436 2693 ²)
454 2628 498 2678 De
517 2628 661 2679 ‘carmine’
680 2628 710 2677 in
727 2628 808 2677 metri
821 2627 938 2678 formam
950 2625 1100 2693 redigendo
1114 2626 1151 2680 ci.
1164 2625 1337 2677 Ribbeclrins
1350 2626 1380 2677 in
1391 2624 1497 2676 Fleck-

350 2714 439 2765 eiseni
455 2713 526 2764 Ann.
545 2712 611 2780 phil.
628 2715 661 2764 ’Π
679 2730 704 2778 p.
723 2714 782 2765 208.

414 2812 436 2880 ⁸)
454 2814 497 2867 De
515 2820 627 2882 ‘regum
651 2814 871 2866 commentariis’
895 2816 924 2865 in
945 2820 1108 2868 transcursu
1130 2830 1227 2867 moneo
1251 2815 1335 2867 aliam
1357 2813 1438 2866 nobis
1460 2831 1497 2865 ex

347 2903 399 2953 boc
417 2902 479 2967 ipso
496 2900 559 2953 loco
577 2902 729 2967 imaginem
746 2900 949 2952 informandam
967 2916 1029 2952 esse
1048 2906 1130 2967 atque
1142 2900 1334 2968 Schweoelerus
1346 2900 1500 2966 descripsit

347 2990 360 3039 Ι
378 3004 404 3055 p.
423 2988 455 3037 27
474 3002 514 3052 eq.
533 2987 622 3038 nudas
639 2984 772 3037 formulas
791 2990 820 3036 et
837 2984 1029 3038 mandatorum
1050 2987 1157 3040 indices
1174 2987 1215 3040 ibi
1232 2988 1390 3055 propositos
1407 2984 1498 3037 inisse

347 3074 394 3138 qui
411 3072 525 3139 regibus
544 3071 667 3123 adscribi
690 3071 814 3123 solerent
837 3087 870 3121 ex
892 3072 1093 3137 posterioribus
1120 3074 1334 3140 magistratuum
1357 3085 1498 3124 commen·

347 3158 428 3209 tertis
446 3161 664 3223 argumentatus.
699 3156 833 3207 Nimirum
852 3173 906 3209 non
924 3163 1031 3209 tuntum
1049 3158 1248 3224 perduellionis
1266 3159 1367 3227 legem,
1386 3156 1436 3209 sed
1453 3160 1497 3206 to-

349 3248 406 3295 tum
424 3242 458 3295 de
476 3242 594 3294 Horatio
612 3244 802 3294 narrationem
821 3258 854 3293 ex
871 3243 916 3294 his
935 3259 1029 3310 regum
1048 3244 1253 3295 commentariis
1266 3244 1405 3310 proficisci
1425 3244 1498 3297 satis

349 3328 474 3380 indicent
492 3329 680 3393 verbositate
698 3330 736 3378 “i
741 3368 747 3387 ,
766 3330 849 3387 lictor,
868 3331 968 3396 conlipa
984 3334 1099 3380 monus”
1116 3355 1151 3369 -
1169 3330 1205 3381 oi.
1227 3330 1327 3381 Livius
1348 3330 1367 3381 l.
1388 3346 1411 3381 c.
1434 3332 1450 3393 9
1468 3332 1496 3392 8,

348 3416 396 3468 ubi
419 3416 459 3465 ‘i’
484 3414 584 3467 abesse
608 3416 717 3481 nequit,
741 3420 770 3466 et
792 3416 808 3477 8
833 3417 877 3465 11:
901 3420 933 3465 nt
953 3417 1045 3482 potins
1067 3416 1126 3467 illis
1147 3414 1317 3467 vindicanda
1339 3416 1389 3478 sit,
1413 3430 1497 3480 quern

348 3502 557 3568 pontificum
575 3501 782 3555 commentariis
800 3501 899 3553 tribuit
910 3501 1060 3554 Niebnbrio
1074 3505 1188 3552 auctore
1201 3499 1394 3566 Schneglerus
1412 3516 1439 3566 p.
1450 3503 1497 3565 88,

349 3588 756 3654 antiquissimorumqnatenns
775 3586 811 3637 ed
828 3602 911 3654 reges
922 3588 1082 3654 pertineant
1093 3586 1162 3636 iuris
1176 3585 1281 3653 publici
1293 3585 1402 3637 suumve
1415 3600 1497 3652 pree·

348 3677 504 3738 ceptorum,
531 3688 692 3724 caussarum
715 3673 858 3725 foederum
887 3675 987 3723 rituum
1014 3670 1164 3738 descriptio
1193 3670 1326 3738 exemplis
1352 3670 1497 3723 illustrata

349 3755 397 3821 (cf.
416 3758 514 3809 Livius
532 3758 546 3809 1
566 3758 605 3809 18.
624 3760 665 3809 24.
684 3760 726 3809 26.
745 3761 786 3809 82.
806 3758 860 3823 88).
889 3760 981 3825 Atque
993 3757 1066 3824 quod
1080 3758 1178 3810 Livius
1190 3756 1205 3808 1
1216 3756 1288 3818 tut
1307 3756 1436 3808 consules
1453 3773 1496 3807 ro·

350 3844 405 3895 fert
423 3842 543 3895 comitiis
567 3844 732 3895 centuriatis
756 3860 773 3895 a
793 3844 938 3911 praetento
960 3843 1038 3894 urbis
1060 3858 1096 3893 ex
1119 3842 1373 3893 commentariis
1397 3840 1497 3893 Servi

259 3988 261 3993 ¹
348 3928 443 3980 'l'nlli
463 3934 572 3980 creatos
591 3944 666 3993 esse,
685 3930 825 3996 ssgseiter
842 3930 903 3996 ipse
921 3915 1114 3994 Subneglerus
1133 3942 1160 3994 p.
1172 3930 1206 3979 28
1223 3942 1250 3981 n.
1261 3928 1296 3979 20
1312 3926 1386 3977 bano
1405 3926 1497 3979 Servii

348 4014 438 4081 legem
457 4029 518 4065 oum
541 4015 702 4067 narratione
725 4014 758 4067 de
782 4012 908 4067 eiusdem
931 4014 1048 4067 consilio
1070 4014 1152 4066 unius
1173 4014 1319 4080 imperinm
1340 4012 1498 4079 deponendi

349 4100 422 4165 (Lis.
441 4100 455 4150 1
472 4100 513 4161 te,
532 4100 559 4165 8)
579 4100 729 4153 coniunxit.
753 4101 850 4167 Neque
869 4104 963 4153 tamen
981 4099 1152 4152 adversabor
1170 4098 1298 4164 equidem
1315 4098 1342 4149 si
1360 4099 1420 4164 quis
1438 4101 1497 4149 ste·

349 4186 433 4237 tuerit
451 4200 547 4251 regum
566 4186 776 4238 commentarios
794 4186 869 4237 haud
887 4200 969 4237 secus
986 4190 1070 4251 etque
1088 4184 1165 4253 leges
1184 4185 1277 4250 regias
1289 4188 1399 4251 partem
1410 4184 1498 4236 libro·

348 4286 407 4321 rum
425 4271 627 4337 pontificiorum
645 4272 745 4322 fnisse:
765 4273 831 4336 quin
850 4272 975 4338 opprime
992 4270 1059 4322 hnic
1076 4272 1118 4323 rei
1137 4270 1284 4323 convenire
1302 4269 1433 4322 ridentur
1450 4268 1497 4319 ci-

350 4357 458 4407 ceronis
482 4356 568 4409 rerba
586 4356 686 4422 quibus
709 4354 825 4407 eundem
848 4356 963 4407 Horatii
986 4370 1113 4410 caussam
1135 4355 1289 4423 significari
1311 4354 1438 4421 suspicor
1461 4352 1497 4405 de

349 4456 406 4506 rep.
424 4440 453 4491 11
470 4444 515 4505 31,
539 4444 572 4493 54
589 4442 810 4495 ‘Provocationem
827 4449 910 4495 oulen
928 4444 1004 4495 etiem
1020 4460 1037 4493 o
1058 4441 1161 4508 sepibus
1180 4442 1264 4507 fuisse
1281 4444 1418 4494 dederent
1431 4454 1498 4505 pon-

350 4524 412 4589 tifici
424 4526 492 4577 libri’
511 4543 534 4578 e.
555 4540 580 4593 q.
600 4545 622 4581 s.
