3409 5409
357 481 396 544 16
786 491 900 543 cnevr
922 491 1071 542 rmnvn.

352 660 431 714 losse
446 652 586 713 videmur
600 654 746 729 immune,
773 652 856 727 quod
867 652 906 716 ab
921 652 1040 713 iniuriis
1053 652 1264 715 lacessentibus
1275 652 1402 713 literam
1416 654 1525 714 aalh‘a

354 758 501 817 malaura
521 755 705 817 contactibus
724 754 891 831 polluatur.
934 754 1037 817 Illac
1062 756 1157 816 σείσω
1178 762 1261 817 taam
1276 758 1376 831 noae.
1412 756 1523 815 Plura

353 860 417 919 s‘tlr'c
431 874 510 935 quse
524 858 677 919 marteris
691 858 829 931 iuvenies,
845 858 942 932 mors
955 860 1056 919 oculos
1069 862 1134 917 taos
1144 858 1374 920 ude-devertor.
1397 858 1519 919 Iaca·-

353 978 418 1021 sae
437 962 515 1022 siut
536 963 631 1022 licet
650 975 753 1034 repes
773 960 972 1022 duodecim
993 960 1307 1037 tooozisespuoore
1321 976 1518 1037 mopsoc-

352 1066 417 1137 fixo
431 1065 503 1125 iuro
514 1066 709 1141 praemla
723 1056 900 1124 sint:'s'ater
920 1065 1000 1138 lepos
1019 1064 1103 1140 ipsos
1124 1063 1323 1144 deluantur,
1346 1065 1518 1125 interiere

354 1169 522 1241 peccetur?
564 1161 627 1227 His
656 1162 767 1243 verbis
794 1184 859 1227 non
881 1161 1034 1249 equidem
1053 1184 1127 1229 sum
1147 1165 1279 1230 nescius
1299 1164 1400 1229 fidem
1420 1183 1519 1227 nnnc

357 1264 460 1329 ferme
476 1264 649 1350 derogari,
675 1286 749 1329 cum
762 1262 895 1351 'priores
916 1263 993 1328 hinc
1007 1265 1152 1331 maxime
1178 1266 1244 1333 sibi
1260 1265 1517 1355 persuasissent

354 1367 455 1432 etism
469 1368 566 1432 tertio
581 1388 614 1454 p.
632 1366 708 1432 Chr.
724 1364 855 1433 saeculo
870 1364 941 1431 XII
955 1364 1086 1431 tabulas
1101 1366 1226 1436 Romae
1245 1370 1281 1435 in
1298 1370 1373 1435 foro
1395 1366 1511 1435 fuisse

354 1468 517 1556 affixas¹>
558 1468 708 1551 Quorum
732 1478 907 1554 utrumque
935 1476 1026 1541 caret
1055 1468 1176 1536 idonea
1204 1470 1510 1558 argumentatione.

356 1569 441 1637 Nam
461 1571 519 1659 qui
533 1571 600 1638 ists
614 1569 838 1637 tantummodo
854 1570 1017 1636 rhetorice
1031 1579 1065 1637 et
1078 1570 1221 1657 figurate
1235 1573 1302 1638 dici
1317 1580 1509 1653 autumant,

354 1682 393 1738 ut
414 1672 640 1760 Schweglerus
656 1674 700 1739 H.
715 1672 756 1737 R.
771 1670 826 1738 III
840 1694 873 1759 p.
888 1672 929 1737 27
945 1696 978 1739 n.
995 1672 1107 1757 42111,
1125 1684 1163 1740 ¹et
1178 1674 1281 1740 totius
1295 1675 1361 1739 loci
1375 1673 1510 1746 ratione

353 1772 551 1841 refelluntur
570 1784 604 1841 et
625 1776 658 1841 in
673 1774 788 1863 primis
803 1774 914 1840 verbis
930 1780 1016 1840 ‘illac
1028 1782 1125 1840 aciem
1140 1788 1222 1843 tuem
1232 1784 1331 1856 fiecoe'
1348 1797 1432 1863 quae
1447 1796 1508 1840 ne·

354 1886 479 1964 queunt
497 1876 563 1942 nisi
584 1876 627 1943 ed
646 1888 774 1943 eertum
788 1875 897 1941 iorum
911 1876 1038 1943 referri.
1069 1878 1116 1944 At
1129 1877 1276 1944 indidem
1290 1887 1428 1967 apparet
1441 1876 1509 1943 hoc

355 1978 446 2045 nullo
467 1978 567 2047 modo
587 1976 736 2063 intellegi
753 1998 850 2065 posse
871 1978 1055 2046 &manum
1074 1980 1201 2047 forum:
1230 2002 1336 2070 neque
1358 1979 1444 2046 enim
1459 1979 1508 2045 ad

354 2082 536 2149 Muranum
550 2080 716 2147 hominem
731 2081 811 2147 hacc
826 2082 959 2166 scribit,
979 2106 1055 2148 eum
1068 2082 1157 2170 apud
1171 2084 1281 2170 ipsum
1295 2082 1418 2149 morari
1434 2080 1505 2148 Do·

353 2193 467 2250 netmn
483 2184 615 2251 evincat
629 2183 790 2272 epistulae
805 2182 954 2250 clausule
968 2208 997 2251 c.
1016 2186 1056 2249 14
1076 2188 1242 2251 ‘rewers'
1260 2198 1359 2251 tamen
1373 2186 1508 2249 summ

357 2292 495 2353 mosmos
514 2292 604 2353 anal
622 2292 716 2351 iunco
734 2298 763 2353 et
775 2292 897 2366 saepire
909 2293 1050 2353 locutan'
1058 2286 1086 2373 ²)
1100 2327 1144 2338 -
1157 2310 1263 2375 neque
1278 2288 1417 2354 Romam
1431 2308 1505 2373 spe

356 2390 439 2457 ctari
461 2387 634 2477 probabile
654 2398 721 2479 est,
747 2411 845 2475 quam
865 2364 1043 2459 urbem⁸ne
1063 2388 1187 2455 viderit
1201 2389 1334 2477 quidem
1349 2411 1506 2477 umquam

354 2492 556 2579 Cyprianus:
581 2502 615 2559 et
634 2491 707 2579 quis
730 2492 765 2556 in
785 2490 972 2558 hortatione
991 2513 1034 2557 ex
1048 2491 1274 2557 remotissimis
1289 2491 1440 2577 solonge
1454 2512 1505 2555 re·

355 2595 468 2681 petitis
483 2595 589 2681 magis
604 2594 752 2662 hauserit
766 2603 963 2680 argumenta
976 2614 1075 2680 quam
1089 2615 1132 2658 ex
1147 2594 1194 2659 eis
1205 2616 1290 2680 quae
1300 2604 1376 2661 ante
1385 2592 1505 2682 pedem

353 2696 485 2763 iacent?
516 2696 583 2764 Sed
602 2698 733 2764 omuino
755 2696 959 2783 cyprianum
978 2696 1013 2759 in
1033 2694 1180 2761 moribus
1197 2697 1319 2762 saeculi
1333 2695 1505 2783 exagitan-

353 2798 405 2864 dis
426 2799 748 2886 Carthaginiensium
768 2798 978 2885 potissimum
995 2797 1157 2863 rationem
1178 2797 1300 2864 habere
1321 2808 1354 2865 et
1368 2792 1503 2864 consen-

353 2910 487 2966 taneum
508 2912 559 2968 est
579 2912 612 2967 et
631 2900 729 2967 simili
750 2901 846 2966 huius
867 2898 959 2967 urhis
979 2921 1106 2965 morum
1121 2900 1210 2987 apud
1224 2900 1307 2967 alios
1322 2900 1503 2987 scriptores

354 3002 575 3091 descriptione
590 3002 779 3087 firmanus)
801 3001 842 3067 Iu
856 3000 1198 3086 Carthaginiensi
1212 3001 1314 3087 igitur
1328 3000 1401 3070 foro
1412 3000 1503 3087 leges

353 3106 540 3194 propositas
562 3106 635 3172 istis
657 3105 769 3173 verbis
791 3104 962 3190 obsignari
981 3126 1116 3170 necesse
1135 3113 1197 3170 est
1239 3104 1310 3170 Nec
1329 3114 1439 3171 tamen
1453 3102 1503 3168 id-

353 3208 440 3275 cireo
454 3210 520 3275 iam
536 3229 575 3275 eo
597 3230 656 3277 nos
679 3208 788 3295 abripi
808 3206 970 3295 petimur,
997 3214 1035 3273 ut
1054 3216 1198 3272 erratum
1218 3228 1291 3272 esse
1311 3208 1347 3273 iu
1365 3227 1502 3272 numero

353 3308 541 3377 tabularum
561 3334 637 3377 cum
657 3310 799 3397 Hugono
820 3318 1014 3375 statuamus.
1050 3309 1300 3397 Peropportune
1319 3309 1408 3374 enim
1429 3309 1504 3374 ecc'e

353 3412 505 3479 adfertur
522 3411 683 3497 Salvieni,
699 3412 755 3501 qui
770 3414 944 3501 presbyter
958 3410 1176 3478 Massiliensis
1190 3411 1255 3479 fuit
1269 3410 1400 3478 saeculo
1411 3411 1503 3498 quin·

359 3554 377 3562 ι..
394 3556 516 3563 —a—-u-
541 3556 557 3563 .-

421 3619 444 3687 1)
462 3621 544 3675 Hanc
561 3621 717 3689 opinionem
736 3622 837 3675 nostris
855 3620 1026 3687 temporibus
1045 3620 1080 3670 ab
1093 3620 1219 3686 lingonis
1238 3618 1323 3683 (Hist.
1342 3620 1394 3674 inr.
1412 3634 1440 3687 p.
1457 3619 1503 3686 92)

354 3705 422 3759 telis
439 3706 589 3759 defendere
607 3707 714 3758 studuit
731 3706 944 3757 Keemmererns
961 3705 1043 3759 Ohss.
1062 3700 1113 3755 iar.
1132 3704 1186 3758 cir.
1204 3700 1295 3769 (Rost.
1314 3704 1394 3767 1827)
1412 3720 1440 3771 p.
1453 3706 1502 3756 192

353 3794 446 3847 -soo,
481 3791 653 3843 Dubitanter
670 3792 732 3858 agit
748 3790 860 3845 Puehta
878 3792 945 3846 inst.
962 3791 975 3841 l
993 3807 1020 3857 p.
1033 3792 1083 3841 lor
1100 3790 1201 3840 ‘Wenn
1219 3805 1285 3841 man
1303 3790 1366 3840 eine
1384 3789 1501 3841 semse-

354 3892 425 3944 rung
436 3877 573 3943 cypriane
584 3876 710 3929 wirtlieh
728 3876 860 3929 veretehn
876 3876 979 3939 diirtte,
995 3864 1134 3947 'so-wiron
1150 3874 1193 3926 sie
1210 3874 1284 3925 noch
1301 3874 1339 3925 im
1355 3876 1392 3926 tn
1402 3872 1501 3925 Jahrb.

354 3963 405 4015 ani
420 3962 482 4013 dem
500 3962 598 4013 Forum
617 3960 784 4029 susgertcllt
801 3976 940 4028 genesen.
974 3961 1050 4013 Dass
1066 3960 1109 4011 sie
1126 3958 1235 4011 damula
1253 3960 1326 4011 noch
1344 3959 1502 4022 existirtcn,

354 4048 391 4099 lst
408 4046 540 4099 oiiusdies
558 4046 811 4100 wshrscheinlich’
847 4046 886 4098 ef.
905 4044 1063 4097 Rndorifins
1083 4046 1117 4096 H.
1137 4044 1188 4095 iar.
1207 4058 1274 4096 rom.
1294 4045 1307 4095 1
1325 4061 1352 4111 p.
1372 4045 1432 4095 261.

419 4132 442 4197 ¹)
461 4133 567 4185 Vereor
584 4138 675 4186 sutem
694 4148 729 4184 ne
748 4132 830 4183 nimis
848 4145 937 4197 sagax
954 4131 994 4181 sit
1010 4130 1200 4182 Kaemmersri
1218 4130 1312 4197 opinio
1330 4145 1357 4197 p.
1376 4130 1434 4192 198,
1453 4129 1501 4195 qni

354 4216 427 4284 qnod
444 4234 507 4271 rure
525 4218 618 4271 datam
637 4218 786 4285 epistulam
807 4232 864 4269 non
881 4214 1055 4282 Carthagine
1072 4216 1135 4281 ipsa
1151 4219 1263 4266 constat
1285 4230 1319 4265 ex
1337 4214 1431 4280 capite
1455 4230 1501 4265 ex-

354 4308 455 4367 tremo,
480 4304 544 4356 inde
570 4302 683 4357 facilius
701 4304 855 4355 Romnum
878 4301 967 4353 iorum
986 4303 1102 4369 agnosci
1123 4300 1193 4365 sibi,
1216 4315 1271 4351 uon
1295 4298 1374 4364 aliis,
1396 4300 1501 4365 opinor,

352 4390 534 4456 persuaserit.

419 4474 442 4543 ⁸)
461 4476 498 4532 ci.
515 4476 632 4529 maxime
652 4492 676 4531 c.
694 4476 762 4529 6-8
780 4486 841 4526 eum
860 4472 1020 4525 Herodiano
1037 4473 1092 4525 VII
1109 4475 1125 4524 9
1143 4475 1173 4525 et
1184 4470 1318 4523 Salviano
1336 4484 1500 4537 quemqnam

353 4562 515 4629 posterioris
533 4562 636 4615 aetatis
654 4561 789 4628 scriptore
807 4558 841 4611 de
861 4558 983 4609 (lahem.
1001 4560 1057 4610 Dei
1075 4557 1094 4611 1.
1112 4558 1176 4615 vn,
