3409 5409
346 530 394 579 Dr:
416 530 609 580 VETERIBVS
632 529 684 577 Xll
706 529 920 577 Tnsvmlrvn
941 528 1229 579 lN'l'EltPRli'l'lBVS.
1315 514 1359 581 25

208 687 323 773 opinio
345 695 396 752 est
416 706 488 750 eam
509 686 694 753 continuam
709 682 963 771 explicationem
977 684 1082 749 fuisse
1096 686 1245 773 inprimis
1260 706 1357 751 voca-

208 787 363 856 bulorum
377 788 635 854 inveteratorum
651 784 990 873 obscuriorumque¹):
1006 788 1041 852 in
1056 809 1120 875 quo
1134 787 1357 853 Mommsenns

210 892 271 977 (H.
287 892 327 957 R.
343 893 361 957 I
375 914 407 977 p.
424 891 501 979 913)
523 889 667 956 affirmat
685 892 751 955 iam
766 889 970 955 Graecorum
984 891 1219 975 grammaticae
1235 888 1357 957 studio-

208 1016 285 1059 rum
310 991 475 1081 quandam
499 993 568 1057 vim
582 992 734 1081 perspici.
770 990 836 1057 Sed
859 1014 899 1057 ea
918 992 1029 1079 opinio
1049 1016 1114 1059 non
1135 991 1266 1059 aliunde
1281 1001 1359 1057 nata

210 1117 286 1162 esse
301 1095 434 1163 videtur
447 1095 511 1160 uisi
528 1116 570 1160 ex
585 1095 631 1160 eis
647 1117 730 1182 quae
744 1095 785 1160 de
799 1095 892 1161 vocis
908 1101 1022 1159 ‘lusus'
1038 1096 1171 1161 notione
1182 1116 1203 1161 a
1213 1095 1248 1161 S.
1261 1093 1357 1160 Aelio

211 1222 281 1266 non
296 1198 376 1264 satis
393 1198 549 1285 expedita
564 1196 678 1264 Cicero
694 1196 832 1264 rettulit:
850 1218 1032 1275 cumpsecus
1047 1220 1117 1261 rem
1128 1198 1234 1284 accipi
1244 1196 1359 1262 iubeat

211 1302 286 1387 ipse
300 1300 474 1387 Pomponii
494 1301 596 1365 loeus.
635 1300 670 1366 Is
692 1301 779 1366 enim
800 1322 874 1365 cum
891 1299 984 1365 dicat
1004 1300 1176 1387 tripertitis
1198 1298 1360 1365 contineri

211 1401 338 1488 legem,
360 1402 678 1489 interpretationem,
699 1401 781 1487 legis
797 1402 977 1485 actionem,
998 1404 1063 1469 tria
1076 1400 1134 1467 illa
1146 1403 1221 1466 iura
1233 1399 1358 1466 intelle·

211 1505 279 1590 git,
296 1504 337 1571 de
352 1503 471 1591 quibus
486 1504 529 1571 ab
544 1504 638 1570 initio
655 1513 853 1591 exposuerat
867 1508 888 1587 ξ
902 1504 1004 1587 4-6‚
1019 1504 1077 1571 ubi
1093 1526 1136 1569 ex
1150 1502 1222 1569 XII
1237 1501 1359 1569 tabulis

211 1607 314 1673 fluere
335 1607 484 1693 coepisse
503 1616 536 1672 et
555 1607 608 1671 ius
630 1604 726 1673 civile
740 1608 763 1671 i.
780 1629 807 1672 e.
833 1605 1093 1693 prudentium
1111 1608 1359 1693 interpreta-

212 1710 364 1777 tionem
377 1710 661 1795 necessariamque
676 1708 741 1775 fori
756 1708 1031 1797 disputationem,
1056 1719 1090 1775 et
1108 1708 1192 1794 legis
1214 1708 1359 1773 actiones

213 1810 327 1879 docuit
342 1811 387 1896 (§.
403 1811 433 1876 6.
454 1810 499 1897 8).
535 1812 645 1897 Atque
667 1810 703 1876 id
723 1812 833 1899 ipsum
854 1820 983 1897 spectat
1002 1811 1090 1897 qnod
1110 1808 1206 1877 addit
1225 1831 1300 1874 enm
1322 1808 1359 1875 li-

212 1914 310 1980 brum
326 1912 429 1980 veluti
444 1911 607 1979 cunabula
621 1913 703 1979 iuris
719 1916 895 1980 continere.
918 1912 1072 1979 Forensis
1087 1913 1189 1999 igitur
1203 1912 1279 1995 fuit,
1294 1934 1361 1978 non

212 2016 432 2102 grammatica
445 2016 688 2103 interpretatio:
705 2038 788 2105 quae
803 2037 1001 2103 quamquam
1016 2016 1051 2080 in
1066 2014 1270 2101 singularum
1284 2035 1362 2102 quo-

213 2141 278 2206 que
293 2139 412 2184 vocum
428 2117 702 2205 significationem
719 2119 884 2208 inquirere
899 2117 978 2185 data
989 2119 1160 2185 occasione
1170 2140 1238 2183 non
1248 2139 1360 2204 super·

215 2221 316 2303 sedit,
342 2230 452 2285 tamen
472 2222 507 2286 in
526 2221 819 2289 iureconsultorum
840 2222 1035 2287 auctoritate
1059 2218 1272 2309 proponenda
1291 2226 1363 2285 tota

215 2322 422 2391 versabatur.
453 2322 607 2409 Sequitur
633 2332 743 2389 autem
768 2346 810 2391 ex
835 2322 897 2387 hac
926 2323 1034 2410 operis
1057 2334 1153 2411 parte
1173 2344 1213 2389 ea
1233 2343 1361 2409 quoque

216 2426 391 2513 desumpta
405 2446 477 2491 esse
492 2446 575 2509 quae
590 2426 723 2513 propria
739 2425 834 2491 Aelio
850 2448 871 2491 a
885 2425 1053 2492 veteribus
1068 2434 1307 2519 memorantur:
1324 2433 1362 2489 ut

216 2550 314 2616 quam
340 2526 497 2594 Cicerone
523 2536 607 2593 teste
634 2529 891 2595 controversiam
917 2527 1021 2593 movit
1042 2525 1100 2612 (ad
1119 2526 1199 2593 fam.
1215 2525 1286 2591 VH
1303 2524 1360 2608 22)

217 2640 365 2712 ‘possetne
378 2635 466 2695 teres
479 2634 562 2709 quod
570 2634 690 2708 serrium
706 2634 1027 2707 coruscamen,
1049 2640 1130 2695 recte
1146 2632 1228 2707 furti
1246 2635 1360 2707 αωοβ

218 2742 276 2799 aut
301 2733 389 2821 quod
415 2736 473 2797 ‘lus
498 2752 613 2813 quoquc
638 2742 668 2797 et
690 2752 791 2798 cerem
817 2740 849 2797 in
870 2737 1059 2797 damosacum
1081 2752 1167 2797 mum
1186 2741 1311 2812 paulos
1330 2736 1362 2794 tn

212 2856 313 2917 penu
333 2856 396 2900 csse
415 2840 536 2916 scripsit
557 2832 700 2921 (Gellius
715 2834 766 2900 IV
783 2836 811 2919 1,
828 2834 880 2900 20.
903 2834 982 2920 Dig.
998 2833 1057 2917 33,
1072 2836 1110 2919 9,
1126 2835 1161 2915 3,
1179 2837 1209 2917 ἓ.
1227 2834 1277 2921 9),
1305 2840 1362 2897 aut

217 2941 327 3019 ‘siper
349 2949 508 3018 emptorem
527 2946 639 3004 steterit
656 2946 811 3019 qumataus
831 2944 861 3002 ci
884 2944 1066 3019 munnpiam
1093 2942 1280 3017 traderetur,
1303 2955 1362 3015 pro

217 3045 340 3134 ciboriis
360 3062 419 3121 per
448 3044 596 3107 arbitrum
625 3045 847 3107 remotiorem
873 3061 960 3120 posse
988 3046 1121 3106 serrari'
1153 3038 1363 3107 confirmavit

218 3144 276 3231 (Ι).
294 3143 345 3228 19,
363 3146 393 3226 1,
408 3142 505 3231 38).²)

299 3246 352 3311 De
381 3244 484 3311 altero
514 3246 571 3334 qui
596 3244 630 3312 S.
657 3246 752 3312 Aelio
779 3267 800 3311 a
825 3246 985 3312 Cicerone
1010 3245 1158 3330 iungitur
1183 3244 1362 3331 interprete

216 3350 254 3415 L.
271 3347 405 3415 Acilio
421 3370 487 3415 non
503 3350 583 3413 satis
599 3371 640 3413 ne
655 3347 696 3413 dc
710 3349 782 3435 ipso
800 3347 932 3434 quidem
946 3348 1078 3413 nomine
1093 3356 1236 3413 constat:
1260 3369 1359 3434 quem

216 3452 252 3516 P.
275 3450 448 3517 Atilium
473 3448 616 3536 appellet
636 3450 835 3535 Pomponius
857 3449 879 3512 l.
900 3448 922 3513 l.
945 3452 976 3530 ξ.
993 3450 1046 3513 38.
1075 3448 1198 3512 Verum
1219 3471 1294 3512 cum
1317 3451 1361 3516 ab

216 3553 278 3619 hoc
293 3558 427 3618 auctore
442 3552 476 3615 in
491 3551 703 3638 praenomine
718 3560 863 3617 erratum
878 3572 951 3615 esse
964 3570 1059 3615 nemo
1073 3559 1184 3635 neget,
1199 3572 1240 3615 ne
1256 3551 1357 3615 nomi·
1459 3632 1464 3643 Ι

217 3656 267 3720 nis
282 3652 416 3741 quidem
430 3651 570 3719 formam
585 3660 673 3718 recte
688 3654 842 3719 existimo
859 3675 880 3717 a
893 3651 1059 3739 plerisque
1074 3662 1107 3718 et
1120 3653 1202 3717 iuris
1222 3652 1359 3739 scripto·

217 3758 308 3823 ribus
325 3764 358 3821 et
373 3755 538 3822 Ciceronis
555 3755 771 3842 editoribusl)
794 3756 957 3822 constanti
978 3754 1107 3822 duobus
1129 3754 1209 3819 locis
1226 3754 1282 3840 (de
1297 3753 1362 3840 leg.
1459 3785 1462 3789 ¹

218 3858 319 3942 1123,
335 3858 387 3945 59.
411 3858 503 3925 Lael.
518 3858 551 3941 2,
566 3859 600 3947 6)
617 3859 767 3924 codicum
780 3856 1070 3925 Ciceronianorum
1081 3858 1258 3923 memoriae
1268 3880 1361 3943 prae·

217 3962 307 4027 ferri.
341 3960 518 4028 Praeterea
536 3960 598 4027 hoe
619 3972 747 4029 tantum
768 3960 987 4048 comperimus
1003 3959 1195 4048 ‘Sapientis'
1211 3980 1285 4023 eum
1306 3979 1358 4025 eo·

218 4064 369 4150 gnomine
385 4073 536 4132 ornatum
552 4086 624 4131 esse
640 4070 725 4145 ‘quia
739 4069 876 4143 madens
891 4084 955 4130 esse
969 4069 1001 4128 tu
1015 4069 1081 4129 iure
1095 4068 1178 4129 civili
1187 4068 1359 4143 manresa?

286 4338 306 4405 ¹)
326 4340 363 4393 ef.
380 4340 541 4393 Vaassenus
557 4338 645 4391 Anim.
665 4340 700 4391 ad
719 4340 784 4393 fast.
802 4354 870 4391 rom.
887 4356 916 4406 p.
934 4340 984 4390 Μ
1003 4339 1040 4390 sl.

284 4422 307 4491 ²)
325 4424 411 4500 Erigit
427 4424 473 4475 hic
491 4424 570 4476 locus
588 4440 635 4508 sos
654 4425 700 4491 qui
719 4424 747 4479 S.
765 4423 839 4477 Aelii
856 4423 981 4489 reliquiis
1000 4423 1166 4490 colligendis
1184 4439 1296 4490 operam
1313 4423 1361 4474 ds-

305 4514 324 4561 l.

220 4510 309 4663 (ἕως)
330 4596 412 4647 etlam
432 4595 545 4648 Osanno
564 4596 598 4649 ad
616 4596 795 4662 Pomponium
814 4596 832 4648 l.
852 4596 872 4649 l.
