3409 5409
323 496 385 564 144
775 514 915 563 saevus
937 514 1012 565 vm.

320 669 484 735 arbitratu
505 669 674 734 uerberari
696 670 873 734 noxiamuc
889 668 1121 755 duplionemue
1136 668 1291 734 decerni’
1318 672 1392 757 (leq.
1410 668 1471 734 du-

319 769 429 857 plione
452 769 577 853 decidi3
601 774 644 847 cf.
672 774 839 834 11114.
872 776 964 835 Gaias
985 775 1039 835 IV
1058 782 1096 834 37
1119 778 1201 851 (45).
1237 776 1306 849 Dio.
1333 784 1366 845 4,
1392 784 1429 844 4,
1455 783 1473 834 9

319 876 340 953 ξ
366 884 391 934 2.
423 883 626 952 13,1,7pr.
658 884 707 944 47,
732 884 758 945 2,
784 883 822 936 es
843 876 906 954 51.
924 885 950 936 2.
968 886 996 936 s.
1028 884 1067 935 ss
1089 876 1145 953 §5
1167 879 1209 938 αι.
1242 877 1473 939 Atuatucam

318 977 493 1038 Huschkr'us
515 978 608 1039 Gaius
625 994 658 1053 p.
675 984 731 1037 122
750 995 781 1039 n.
801 974 861 1060 23.)
934 1012 941 1019 ·

823 1075 854 1140 9.
896 1075 945 1140 10.

405 1178 509 1244 Gaius
532 1176 555 1241 l.
571 1176 620 1242 IV
642 1176 685 1241 ad
708 1174 814 1261 legem
835 1074 907 1242 xil
930 1075 1128 1245 tibularum.
1152 1177 1195 1243 D.
1212 1177 1264 1259 47,
1281 1178 1313 1259 9,
1330 1148 1360 1243 9.
1388 1177 1468 1259 ‘Qui

319 1279 418 1344 aedes
446 1300 642 1343 aceruumue
669 1277 826 1343 frumenti
852 1278 947 1341 iuxta
980 1277 1112 1343 domum
1144 1279 1290 1365 positum
1315 1278 1466 1344 combus-

320 1382 416 1463 serit,
439 1382 570 1446 uinctus
592 1379 785 1446 uerberatos
807 1378 877 1463 igni
900 1380 1011 1445 necari
1027 1379 1175 1453 iubetur,
1199 1381 1228 1444 si
1243 1380 1342 1446 modo
1357 1370 1467 1447 sciens

318 1482 528 1569 prudensque
549 1481 585 1547 id
606 1482 821 1564 commiserit3
848 1480 877 1545 si
898 1502 976 1545 uero
999 1502 1094 1563 casu,
1117 1480 1153 1545 id
1175 1490 1225 1547 est
1246 1480 1467 1569 neglegentia,

318 1595 376 1650 aut
396 1586 531 1650 noxiam
553 1584 674 1648 sarcire
695 1582 828 1648 iubetur
849 1592 923 1663 aut,
946 1582 976 1647 si
998 1582 1105 1647 minus
1121 1581 1259 1649 idoneus
1276 1585 1335 1667 sit,
1358 1584 1467 1649 leuius

318 1687 510 1772 castigatur.
545 1683 776 1773 Appellatione
798 1693 908 1749 autem
922 1683 1055 1749 aedium
1070 1706 1182 1750 omnes
1204 1686 1331 1771 species
1354 1685 1466 1751 aedifi-

284 1808 287 1811 ’
318 1788 362 1851 cii
384 1787 614 1854 continentur!
851 1854 858 1866 ,

808 1888 859 1955 10.
883 1888 965 1975 (11.)
1158 1952 1165 1959 .

402 1988 529 2054 Plinius
544 1988 586 2053 N.
601 1988 646 2053 H.
662 1988 766 2055 XVII
782 1991 812 2071 1,
830 1992 860 2055 7.
889 1990 979 2054 ‘Fuit
1000 1998 1034 2055 et
1055 1990 1211 2056 arborum
1233 2010 1312 2055 cura
1334 1988 1465 2076 legibus

316 2091 433 2179 priscis
457 2099 654 2177 cautumque
677 2101 728 2156 est
749 2090 820 2156 XII
842 2090 981 2173 tabulis,
1009 2100 1046 2157 ut
1068 2092 1125 2177 qui
1146 2092 1267 2156 iniuria
1289 2092 1466 2158 cecidisset

229 2228 236 2235 ·
317 2193 460 2275 alienas,
488 2191 592 2258 lueret
618 2194 653 2257 in
679 2192 824 2279 singulas
850 2192 935 2258 aeris
961 2192 1074 2258 XXV.
1120 2192 1209 2274 Quid
1236 2192 1465 2259 existimamus

316 2306 514 2362 uenturasne
537 2316 592 2359 eas
608 2294 789 2361 credidisse
804 2294 847 2359 ad
863 2316 963 2381 supra
976 2294 1098 2361 dictam
1112 2296 1374 2364 aestimationem
1389 2295 1464 2363 illos

316 2398 372 2484 qui
393 2396 571 2483 frugiferas
594 2400 678 2463 tanti
699 2397 935 2462 taxaueranti'

734 2500 784 2563 11.
809 2497 948 2583 11.(11.
974 2498 1040 2584 13.)

401 2617 522 2667 8111οΧ
540 2616 682 2665 FVRTVII
697 2617 881 2682 1111111181
897 2616 937 2664 lid
956 2616 1103 2683 occisis,
1116 2617 1198 2665 IVRE
1216 2616 1346 2669 CAESVS
1361 2616 1463 2668 itaut).

383 2778 409 2829 9.
427 2778 529 2826 Festus
550 2791 576 2840 p.
595 2776 645 2826 311
662 2774 699 2827 11.
719 2774 867 2825 ‘sarcito
885 2774 914 2823 in
933 2772 987 2825 XII
1006 2772 1065 2827 Ser.
1084 2772 1225 2840 Sulpicius
1244 2774 1285 2827 ait
1301 2774 1463 2842 siguificare

315 2862 442 2913 damnum
461 2860 575 2925 soluite,
592 2863 755 2926 praestato’

384 2949 425 2997 10.
444 2944 550 2996 Paulus
568 2944 638 2996 LIX
657 2942 692 2993 sd
704 2943 846 2994 Sabinum.
864 2944 898 2993 D.
910 2944 953 3007 47,
973 2944 997 3008 7,
1017 2944 1030 2993 1
1049 2942 1091 2994 ‘Si
1109 2943 1204 2995 furtim
1222 2945 1336 2997 arbores
1355 2960 1458 2999 caesae

315 3032 386 3096 sint,
406 3035 435 3081 et
457 3045 491 3079 ex
513 3028 578 3095 lege
596 3028 709 3093 Aquilia
733 3032 761 3079 et
783 3043 817 3078 ex
838 3026 983 3079 duodecim
1007 3028 1164 3079 tabularum
1182 3029 1300 3082 dandam
1320 3033 1460 3084 actionem

291 3116 411 3167 'Labeo
435 3116 494 3166 ait'
529 3112 571 3164 Id.
595 3112 614 3162 l.
632 3112 723 3164 XVIII
743 3112 778 3162 ad
794 3112 846 3162 Ed.
869 3112 904 3163 D.
925 3114 971 3176 12,
990 3114 1019 3176 2,
1037 3114 1070 3163 28
1093 3114 1108 3175 5
1127 3114 1143 3163 6
1167 3112 1304 3166 ‘colonus
1323 3130 1384 3166 cum
1403 3132 1457 3183 qno

314 3206 428 3269 propter
439 3198 562 3250 succisas
575 3198 647 3248 forte
660 3197 773 3248 arbores
786 3197 923 3263 agebatur
936 3213 970 3249 ex
981 3196 1073 3249 locato
1087 3200 1111 3248 si
1123 3198 1258 3250 iurauerit
1276 3216 1306 3251 se
1324 3215 1379 3251 non
1396 3216 1459 3251 suc·

315 3286 418 3337 cidisse
430 3286 491 3335 siue
505 3299 520 3334 e
532 3282 595 3348 lege
607 3280 751 3333 duodecim
763 3281 921 3332 tabularum
938 3282 971 3331 de
985 3282 1129 3334 arboribus
1146 3284 1263 3344 succisis
1276 3319 1370 3339 .....
1395 3300 1459 3337 con-

314 3371 450 3432 ueniatur,
464 3384 514 3435 per
527 3368 720 3434 exceptionem
733 3366 913 3418 iurisiurandi
925 3366 1037 3419 delendi
1051 3367 1173 3433 poterit’
1198 3369 1285 3420 Gaius
1295 3370 1363 3421 Inst.
1377 3370 1416 3420 1v
1427 3376 1457 3421 11

314 3456 397 3507 ‘unde
417 3470 478 3505 cnm
497 3455 543 3520 qui
555 3454 589 3505 de
607 3453 711 3505 uitibus
729 3453 847 3504 succisis
865 3454 905 3503 ita
924 3453 1044 3518 egisset,
1062 3457 1092 3502 nt
1110 3452 1139 3501 in
1157 3453 1268 3504 actione
1286 3456 1360 3505 uites
1372 3454 1460 3506 nomi-

313 3546 403 3607 naret,
421 3554 584 3607 responsum
598 3545 641 3590 est
654 3555 715 3589 eum
733 3554 790 3589 rem
807 3537 976 3605 perdidisse,
995 3538 1061 3602 quia
1080 3529 1223 3590 debuisset
1241 3539 1354 3589 arbores
1372 3540 1458 3591 nomi-

314 3642 380 3677 nare
400 3642 443 3690 eo,
464 3624 536 3690 qnod
554 3624 600 3675 lex
617 3624 672 3676 XII
689 3624 860 3687 tabularum,
881 3638 914 3673 ex
933 3638 987 3687 qus
1006 3622 1039 3672 de
1051 3622 1154 3672 uitibns
1168 3621 1284 3673 succisis
1297 3624 1372 3675 actio
1386 3639 1458 3675 com·

313 3716 435 3777 peteret,
454 3696 624 3775 generaliter
641 3708 676 3761 de
695 3708 841 3760 arboribus
860 3707 976 3758 succisis
994 3706 1172 3773 loqueretur!
1202 3706 1250 3772 (cl.
1268 3710 1314 3772 47,
1333 3710 1362 3772 7,
1382 3710 1398 3760 3
1416 3724 1457 3775 pr.

313 3797 421 3847 Plinius
442 3795 476 3846 N.
495 3796 531 3846 Η.
551 3794 616 3847 xlv
635 3796 664 3858 1,
685 3792 721 3857 9,)
758 3792 845 3845 Gaius
863 3792 881 3841 l.
900 3790 914 3842 1
937 3792 973 3841 ad
990 3791 1081 3858 legem
1099 3792 1152 3845 XII
1170 3792 1337 3847 tabularum.
1361 3794 1397 3843 D.
1415 3796 1458 3858 17,

312 3879 338 3947 7,
357 3884 373 3932 2
391 3878 550 3931 ‘Sciendum
568 3884 612 3930 cst
630 3885 723 3930 autem
742 3894 804 3939 eos,
823 3877 870 3941 qui
888 3876 1001 3928 arbores
1020 3882 1048 3929 et
1066 3878 1183 3929 maxime
1201 3880 1275 3929 uites
1295 3876 1457 3944 ceciderint,

313 3967 394 4017 edam
413 3971 541 4032 tanquam
558 3965 681 4016 latrones
694 3962 806 4028 puniri’
834 3960 871 4011 cf.
890 3961 931 4015 Id.
950 3962 987 4013 ib.
1000 3964 1025 4012 4.
1052 3962 1156 4013 Paulus
1175 3962 1212 4013 ib.
1227 3965 1269 4019 11.
1295 3964 1399 4015 Fronto
1418 3978 1457 4014 or.

312 4067 338 4117 p.
350 4050 496 4103 Volumnio
510 4050 613 4102 Sereno
627 4050 656 4101 H
673 4064 699 4114 p.
714 4048 763 4098 302
776 4047 843 4098 Mai.
863 4046 966 4111 ‘Leges
984 4046 1134 4114 pleraeque
1153 4062 1245 4114 poena
1263 4050 1402 4114 sanciunt,
1421 4062 1457 4099 ne

312 4137 374 4202 quia
392 4136 504 4187 felicem
523 4136 650 4187 arborem
667 4129 812 4183 succidat.²

381 4230 421 4277 11.
441 4207 600 4278 Macrobius
613 4220 699 4274 snei
716 4218 744 4279 4,
764 4217 795 4267 19
813 4214 886 4267 ‘Non
904 4232 965 4269 esse
985 4220 1019 4270 ab
1038 4236 1067 4272 rc
1080 4224 1147 4287 puto
1165 4218 1218 4271 hoc
1235 4221 1265 4270 in
1276 4220 1337 4271 loco
1349 4218 1378 4269 id
1390 4234 1457 4285 quo·

312 4326 364 4378 que
384 4327 540 4364 ammonere
559 4308 632 4375 quod
654 4301 805 4359 decemuiri
827 4302 855 4352 in
874 4302 928 4354 xn
947 4304 1050 4356 tabulis
1069 4306 1282 4359 inusitatissima
1300 4311 1384 4358 ‘nox’
1407 4322 1457 4374 pro

397 4472 446 4528 11.
469 4471 551 4527 faxsit
564 4470 672 4539 scripsi
684 4480 700 4520 c
718 4463 827 4522 Ouitioi
840 4464 1035 4521 emendatione
1050 4462 1117 4521 insit
1132 4464 1338 4523 0111711271
1354 4466 1455 4523 lactum

311 4558 348 4614 sit
362 4554 507 4612 Macrobii
516 4556 582 4611 libri
595 4552 696 4608 luctum
711 4554 765 4607 csit
779 4563 803 4605 s.
820 4552 888 4606 escit
904 4552 983 4607 editt.
995 4552 1130 4622 plerique
1194 4546 1232 4627 si]
1249 4552 1345 4607 malim
1362 4560 1414 4609 ssi.
