3409 5409
361 457 422 523 160
820 470 959 521 usnvnn
982 470 1044 521 xn.

358 628 491 692 emisset
511 647 572 697 nec
592 624 733 711 pretium
755 626 924 709 redderet3
952 626 1030 690 item
1058 625 1219 693 aduersus
1242 650 1316 692 eum
1339 627 1395 716 qui
1423 650 1509 693 mer·

359 730 472 795 oedem
493 750 560 793 non
581 727 737 793 redderet
757 748 817 814 pro
839 751 878 793 eo
900 728 1046 793 iumento
1069 728 1156 815 quod
1170 730 1244 815 quis
1261 730 1334 795 ideo
1350 730 1507 813 locasset,

357 841 396 896 ut
417 829 494 896 inde
515 830 689 917 pecuniam
713 839 883 917 acceptam
904 831 939 895 in
964 829 1097 916 dapem,
1122 830 1158 896 id
1181 835 1233 897 e'st
1252 830 1287 896 in
1309 832 1507 898 sacrificium

358 931 575 1019 inpenderet!

870 1035 902 1098 3.
927 1032 987 1119 (2.)

445 1153 478 1201 sl
500 1152 630 1203 SERVVS
655 1153 796 1201 FVRTVM
818 1153 925 1200 FAXI'I'
947 1151 1132 1201 NOXIAMVE
1154 1154 1265 1203 NOXIT

444 1238 549 1304 Gaius
571 1238 652 1303 Inst.
676 1236 727 1303 IV
750 1238 791 1303 75
813 1261 862 1324 sq.
885 1235 944 1325 (id.
968 1238 1050 1302 Inst.
1072 1240 1104 1320 4,
1127 1238 1147 1302 8
1170 1261 1219 1325 pr.
1242 1244 1262 1321 ξ
1284 1240 1318 1326 4)
1344 1240 1416 1305 ‘Ex
1438 1264 1506 1306 ma·

359 1340 474 1405 leficiis
501 1340 643 1405 filiorum
671 1339 814 1415 familias
838 1361 1064 1420 seruorumue,
1093 1339 1196 1405 ueluti
1224 1341 1252 1404 si
1274 1339 1400 1407 lurtum
1422 1344 1506 1407 fece-

359 1444 426 1509 rint
459 1452 516 1507 aut
546 1442 698 1506 iniuriam
731 1442 971 1524 commiserint,
1004 1440 1139 1507 noxales
1173 1441 1317 1507 actiones
1352 1444 1506 1530 proditae
1583 1436 1586 1441 ¹

360 1555 451 1626 sunt,
485 1545 534 1609 uti
566 1541 681 1608 liceret
714 1545 800 1631 patri
833 1543 1008 1610 dominoue
1046 1551 1103 1607 aut
1138 1541 1206 1608 litis
1244 1544 1507 1611 aestimationem

361 1646 495 1710 sufferre
511 1656 569 1710 aut
589 1668 716 1711 noxae
738 1645 886 1711 dedere
904 1692 911 1709 .
929 1692 936 1708 .
954 1696 961 1709 .
1001 1644 1212 1730 ,Constitutae
1234 1655 1311 1709 sunt
1325 1656 1434 1710 autem
1450 1670 1506 1711 no·

360 1746 452 1811 xales
482 1748 627 1813 actiones
659 1757 717 1813 aut
743 1747 872 1832 legibus
901 1757 958 1812 aut
979 1746 1103 1829 edicto,
1130 1744 1277 1831 legibus,
1307 1747 1398 1813 uelut
1425 1748 1507 1815 furti

360 1848 433 1933 lege
455 1848 526 1914 ΧΠ
548 1848 752 1915 tabularum'
775 1872 803 1915 e.
820 1871 850 1935 q.
866 1872 893 1913 s.

361 2090 445 2139 etiam
468 2089 559 2140 uideri
582 2093 674 2155 potest
696 2104 790 2139 uerum
814 2103 875 2139 esse
896 2088 992 2155 (quod)
1016 2090 1126 2155 quidam
1148 2094 1249 2157 putant
1271 2092 1372 2157 pignus
1396 2096 1506 2160 propris

360 2174 400 2224 rei
418 2175 529 2225 mobilis
548 2174 703 2225 constitui'
740 2174 777 2224 cf.
801 2173 906 2225 Paulus
925 2190 985 2225 exc.
1004 2190 1030 2239 p.
1050 2176 1082 2225 68
1100 2176 1137 2225 M.
1161 2178 1256 2242 ‘Daps
1279 2179 1353 2245 apud
1377 2182 1507 2245 antiquos

361 2259 508 2309 dicebatur
525 2275 570 2310 res
588 2260 684 2309 diuina
702 2274 771 2323 quae
790 2258 876 2309 fiebat
895 2262 943 2309 aut
955 2259 1072 2309 hiberna
1085 2262 1203 2312 sementi
1221 2266 1269 2312 aut
1285 2268 1387 2315 uerna’
1407 2280 1431 2314 e.
1444 2281 1470 2329 q.
1484 2280 1506 2315 s.

359 2344 416 2398 uid.
436 2346 521 2395 etiam
539 2345 645 2395 vnn.
911 2342 914 2350 “

429 2434 454 2482 3.
472 2429 611 2495 leIanus
629 2428 647 2479 l.
666 2430 760 2480 XVIII
778 2428 813 2478 ad
831 2428 873 2483 ed.
893 2429 927 2479 D.
947 2432 972 2493 9,
991 2431 1017 2493 4,
1036 2432 1051 2479 2
1070 2431 1085 2493 5
1105 2434 1119 2480 1
1138 2430 1249 2482 ‘Celsus
1266 2436 1361 2484 tamen
1379 2433 1507 2485 differen-

361 2516 429 2564 tiam
448 2514 519 2564 t‘acit
536 2515 609 2565 inter
627 2514 717 2581 legem
736 2513 877 2578 Aquiliam
897 2519 925 2564 et
942 2514 1032 2579 legem
1050 2514 1104 2567 XII
1122 2516 1288 2567 tabularum.
1307 2518 1378 2568 Nam
1395 2519 1424 2568 in
1442 2518 1506 2586 lege

362 2601 477 2664 antiqua
487 2598 532 2664 (si)
546 2614 642 2650 seruus
653 2600 761 2649 sciente
771 2599 881 2649 domino
891 2598 993 2649 furtum
1003 2599 1073 2674 fecit
1086 2600 1132 2650 uel
1143 2600 1225 2651 aliam
1236 2617 1334 2653 noxam
1346 2602 1376 2667 (l.
1386 2603 1507 2671 noxiam)

361 2684 510 2749 commisit,
523 2685 597 2734 serui
610 2686 720 2735 nomine
733 2683 807 2733 aetio
821 2687 865 2733 est
876 2683 984 2734 noxalis
997 2699 1050 2733 nee
1063 2682 1188 2735 dominus
1200 2700 1250 2736 suo
1262 2686 1374 2738 nomine
1386 2692 1507 2739 tenetur.

360 2772 396 2818 At
422 2769 451 2818 in
476 2769 540 2837 lege
560 2769 686 2835 Aquilia,
709 2768 812 2833 inquit,
836 2768 962 2819 dominus
986 2782 1036 2819 suo
1058 2771 1168 2821 nomine
1191 2774 1314 2834 tenetur,
1341 2787 1397 2822 non
1423 2774 1507 2823 serui.

360 2853 509 2919 Vtriusque
528 2854 599 2920 legis
618 2854 708 2905 reddit
725 2854 875 2903 rationem:
898 2852 954 2903 XII
972 2852 1142 2913 tabularum,
1165 2856 1242 2919 quasi
1266 2856 1389 2907 uoluerit
1412 2872 1507 2909 seruos

361 2938 479 2989 dominis
496 2940 526 2990 in
547 2939 600 2989 hae
623 2955 652 2989 re
675 2952 730 2989 non
753 2938 961 3003 obtemperars;
984 2938 1128 3003 squillae,
1153 2940 1232 3005 qnasi
1251 2941 1391 3005 ignouerit
1414 2958 1506 3007 seruo,

363 3024 410 3087 qui
428 3024 537 3074 domino
556 3024 649 3089 paruit
666 3024 819 3089 periturus,
838 3023 863 3073 si
883 3038 938 3073 non
956 3022 1080 3074 fecisset.
1117 3023 1169 3074 Sed
1192 3024 1216 3074 si
1238 3025 1351 3090 placeat
1373 3026 1444 3092 quod
1463 3029 1506 3078 Iu-

361 3107 454 3158 lianus
471 3108 544 3160 libro
562 3108 703 3158 LXXXVI
722 3108 821 3158 scribit
839 3108 885 3157 ‘si
903 3143 1039 3157 ......
1048 3112 1056 3138 ’
1076 3109 1159 3159 etiam
1186 3108 1221 3158 ad
1244 3110 1411 3174 posteriores
1429 3110 1507 3178 leges

360 3193 513 3259 pertinere,
532 3194 635 3258 poterit
652 3192 709 3242 dici
728 3192 810 3241 etiam
828 3192 904 3242 serui
922 3194 1031 3242 nomine
1050 3208 1111 3243 cum
1130 3192 1238 3243 domino
1257 3195 1303 3260 agi
1315 3210 1396 3260 posse
1414 3197 1506 3247 noxali

361 3277 484 3329 iudicio!
519 3278 619 3345 Festus
637 3294 664 3344 p.
684 3278 734 3326 174
750 3278 788 3326 Μ.
807 3273 857 3339 (cl.
881 3275 995 3343 Paulus)
1021 3274 1160 3343 ‘(Noxia
1182 3277 1211 3327 in
1229 3278 1293 3343 XII)
1317 3283 1348 3328 ut
1370 3280 1428 3332 Ser.
1447 3280 1507 3331 Sul·

360 3363 449 3427 picius
467 3360 568 3426 Ruiius
592 3364 633 3414 ait
656 3364 783 3413 damnum
806 3359 975 3427 significat),
1000 3361 1074 3427 apud
1097 3365 1193 3426 poetas
1216 3367 1308 3413 autem
1332 3368 1360 3414 et
1382 3370 1507 3417 oratores

361 3449 472 3513 ponitur
490 3464 538 3515 pro
558 3448 649 3514 culpa.
680 3451 710 3497 at
727 3462 799 3497 noxa
817 3450 963 3513 peccatum
983 3452 1031 3497 aut
1052 3462 1100 3511 pro
1122 3450 1238 3511 peccato
1257 3462 1387 3513 poenam,
1406 3455 1437 3500 ut
1454 3452 1506 3501 Ac·

362 3534 420 3583 cius
435 3572 441 3584 .
456 3569 482 3584 ..
518 3534 589 3583 Item
608 3548 667 3583 cum
686 3532 730 3582 lex
750 3532 827 3582 iubet
844 3546 952 3581 noxae
971 3530 1109 3594 dedere,
1128 3546 1177 3596 pro
1196 3537 1314 3597 peccato
1333 3534 1396 3585 dedi
1409 3535 1505 3588 iubet’
1580 3566 1581 3569 =

363 3618 449 3668 Gaius
467 3618 586 3670 1.v1ad
604 3618 695 3683 legem
712 3618 767 3667 Xll
778 3616 945 3667 tabularum.
965 3618 998 3667 D.
1011 3620 1053 3681 ὅθ,
1069 3618 1109 3680 16,
1122 3618 1173 3668 288
1185 3618 1229 3679 §8
1249 3618 1393 3671 ‘Naxiae
1411 3620 1505 3687 appel·

362 3703 466 3753 latione
490 3718 570 3753 omne
593 3702 726 3753 delletum
750 3703 933 3755 continetur.'
958 3700 1061 3764 (noxae
1081 3704 1145 3752 mule
1168 3701 1244 3766 edd.)
1284 3703 1321 3753 cl.
1345 3704 1413 3756 Inst.
1437 3708 1467 3771 4,
1490 3708 1507 3757 8

361 3789 421 3849 51.
440 3787 553 3837 Seruius
572 3786 689 3841 adden.
708 3786 782 3837 141.
801 3787 835 3841 D.
856 3789 898 3851 42,
919 3790 941 3849 1,
961 3788 976 3835 6
994 3786 1046 3847 §L
1065 3786 1232 3853 Pomponius
1251 3786 1269 3837 l.
1282 3787 1333 3837 XX
1352 3788 1387 3839 ad
1400 3789 1505 3851 Q.Mu-

362 3873 443 3922 cinm.
462 3872 496 3921 D.
514 3873 563 3936 44,
581 3874 610 3934 I,
630 3872 663 3923 56
681 3872 885 3937 ‘Quaecunque
910 3872 1034 3927 actiones
1052 3872 1127 3922 serui
1150 3872 1205 3922 mei
1223 3873 1331 3922 nomine
1354 3874 1422 3924 mihi
1444 3890 1505 3926 cos-

361 3960 461 4022 psrunt
478 3960 637 4022 competere
655 3956 700 4008 uel
719 3972 753 4007 ex
771 3955 825 4007 XII
837 3956 942 4007 tabulis
961 3957 1006 4007 uel
1025 3971 1058 4006 ex
1076 3958 1139 4023 lege
1151 3955 1265 4021 Aquilia
1283 3956 1329 4007 nel
1342 3957 1504 4009 iniuriarum

361 4040 406 4091 uel
433 4041 515 4107 furti,
544 4041 657 4093 eaedem
682 4042 782 4091 durant
804 4042 917 4092 etiamsi
940 4056 1034 4091 seruus
1058 4046 1157 4108 postea
1180 4040 1225 4092 uel
1249 4042 1432 4093 manumissus
1457 4044 1505 4095 uel
1548 4028 1557 4043 ⁹

362 4126 500 4177 alienatus
518 4126 565 4177 uel
583 4130 705 4177 mortuus
723 4126 830 4180 fuerit!
865 4126 1016 4177 Marcellus
1034 4126 1052 4181 l.
1072 4126 1141 4178 vm
1158 4126 1223 4193 Dig.
1243 4128 1277 4177 D.
1295 4128 1343 4187 47,
1363 4130 1394 4190 6,
1413 4130 1429 4179 5
1452 4128 1506 4178 ‘Et

361 4202 501 4263 sisennus
521 4213 672 4263 communis
692 4210 808 4261 alterius
826 4211 903 4261 iussu
926 4210 1053 4261 damnum
1077 4210 1198 4275 dederit,
1224 4213 1307 4262 etiam
1332 4210 1402 4277 quod
1425 4226 1504 4278 prae·

358 4329 565 4341 ψ..-

447 4422 475 4479 3.
494 4414 648 4500 noxiamue]
664 4438 796 4479 uouemus
813 4419 906 4479 Schol.
920 4421 1035 4478 Basilio.
1050 4418 1111 4477 VII
1124 4426 1169 4489 14,
1188 4422 1206 4477 6
1221 4420 1339 4480 Fabrot.
1355 4422 1393 4482 ol.
1455 4440 1505 4481 no-

363 4506 400 4563 xit
415 4505 569 4563 Pithoeus:
585 4507 680 4565 nocuit
699 4507 846 4583 Ulpianus.
