3409 5409
380 544 425 591 nu
448 544 498 591 xn
523 544 735 593 'rssvnnnvn
758 542 937 606 nnnrovns
960 545 1208 595 cocornensis.
1316 526 1354 595 71

205 700 307 781 fecit,
323 698 380 763 ubi
397 697 502 785 prima
516 697 655 762 ‘hostis’
671 698 704 761 in
726 697 797 783 lege
819 700 910 764 lacta
931 700 1051 763 mentio
1074 708 1137 765 est.
1167 701 1269 787 Atqui
1289 702 1355 766 iarn

205 800 246 866 II
269 803 290 865 2
315 802 494 887 praecessit
515 807 625 864 ‘statas
645 806 708 865 dies
727 822 793 865 cum
815 806 928 865 toste’.
954 801 1054 888 idque
1073 802 1181 887 ipsum
1205 814 1355 890 spectare

205 903 333 968 Gaium
348 902 494 969 ostendit
508 901 719 989 reliquiarum
735 904 805 967 eius
820 904 856 967 in
870 903 1018 987 Digestis
1039 904 1157 985 series,
1179 905 1215 969 in
1234 905 1354 991 quibus

204 1014 303 1092 post
317 1004 568 1091 explicationem
585 1005 674 1069 vocis
691 1010 802 1068 ‘hortis’
818 1014 999 1091 sequuntur
1013 1015 1128 1069 notata
1142 1006 1184 1069 ad
1199 1012 1355 1086 ‘locuples’

206 1105 330 1191 (1113)
348 1114 380 1171 et
395 1112 515 1171 ‘uicere’
533 1106 600 1190 (ΙΙΙ
611 1107 658 1190 4).
689 1107 763 1189 Qus
778 1129 813 1170 re
828 1128 893 1170 non
909 1103 1013 1169 solum
1028 1106 1189 1171 Dirkseni
1205 1106 1246 1171 de
1265 1106 1354 1172 illius

203 1207 387 1294 fragmenti
403 1206 498 1291 sede,
521 1209 579 1274 sed
599 1218 670 1285 tota
690 1208 730 1273 de
747 1208 812 1275 Gai
834 1230 894 1272 sex
914 1206 1008 1273 libris
1024 1207 1067 1272 ad
1089 1206 1195 1293 legem
1216 1208 1353 1295 singulis

202 1308 304 1375 binas
320 1308 450 1375 tabulas
466 1308 645 1396 complexis
661 1310 772 1397 opinio
788 1309 925 1374 mirifice
940 1308 1168 1375 labefactatur.
1195 1381 1199 1391 ,

295 1412 380 1476 Turn
396 1411 513 1497 fragm.
531 1412 616 1477 Ivi
637 1412 678 1477 de
698 1414 824 1477 infante
844 1412 880 1475 in
901 1412 1013 1477 decem
1035 1412 1202 1478 mensibus
1217 1424 1295 1479 nato
1310 1412 1354 1479 lc-

203 1512 325 1597 gitima
347 1536 410 1578 non
433 1512 547 1581 dubito
571 1536 643 1579 curn
664 1514 828 1601 plerisque
849 1524 925 1579 ante
944 1513 1149 1579 Dirksenum
1169 1513 1353 1581 editoribus

203 1614 275 1679 iuri
290 1614 498 1698 hereditario,
515 1617 601 1703 quod
617 1619 731 1702 quinta
746 1618 815 1679 eirrs
831 1613 947 1681 tabula
961 1615 1158 1698 continetur,
1173 1615 1353 1682 vindicare.

203 1716 297 1781 Huic
312 1719 397 1782 enim
413 1726 445 1782 et
459 1717 620 1804 Ulpianus
636 1718 783 1802 assignat
799 1726 885 1797 ‘post
897 1721 998 1782 decem
1012 1738 1128 1783 menses
1145 1726 1247 1783 mortis
1265 1732 1357 1784 nutat

204 1839 267 1882 noa
283 1822 453 1883 admittetur
468 1824 513 1883 ud
530 1826 690 1898 lepitt'mum
706 1824 916 1884 hereditatem’
932 1830 965 1884 et
986 1820 1059 1905 ipsa
1074 1818 1175 1885 Gellii
1196 1819 1353 1903 narratio,

204 1920 296 1985 unde
318 1920 530 1987 diiudicanda
549 1944 610 1987 nec
630 1944 688 2009 per
709 1944 744 1987 se
765 1921 1004 1987 consideranda
1024 1930 1103 1986 sunt
1127 1922 1230 1989 verba
1254 1922 1352 2010 paulo

203 2022 344 2089 liberius
371 2024 479 2110 posita
498 2060 540 2071 -
560 2046 644 2111 quae
664 2024 801 2088 nimium
826 2025 950 2111 pressit
969 2023 1159 2088 Dirksenus
1179 2046 1211 2112 p.
1227 2025 1291 2090 224
1311 2063 1353 2073 -

205 2131 359 2204 ‘quoniam
375 2130 536 2189 decemviri
548 2133 579 2191 ta
595 2132 697 2191 decem
712 2130 859 2189 metuitur
870 2133 957 2205 etqui
974 2130 1119 2190 hommem
1133 2146 1193 2191 aon
1208 2134 1239 2190 in
1254 2132 1352 2192 ande-

203 2233 506 2307 cimoserpsasentr
942 2294 944 2297 ,

294 2328 417 2395 Contra
432 2326 536 2414 legem
553 2328 594 2393 de
609 2328 788 2395 divortio
804 2352 825 2394 a
839 2329 1008 2395 Dirlrseno
1024 2350 1215 2416 oppressam
1229 2340 1267 2395 ut
1277 2353 1353 2405 cum

205 2428 416 2499 Gothofredo
431 2432 466 2495 in
480 2430 531 2495 VI
547 2432 614 2497 tab.
631 2432 824 2514 obiicerem,
844 2454 912 2500 uon
932 2454 984 2496 me
1004 2432 1132 2497 moveri
1146 2452 1264 2517 passus
1280 2455 1353 2497 sum

206 2532 275 2600 Gai
289 2533 478 2599 testimonio
493 2555 534 2597 ex
550 2532 571 2597 l.
587 2532 641 2598 ΙΙΙ
657 2532 699 2597 ad
715 2532 821 2619 legem
836 2531 953 2599 allato:
976 2554 1150 2619 quaecum
1164 2532 1207 2598 ad
1228 2555 1281 2598 res
1297 2534 1353 2599 do-

205 2636 362 2701 mesticas
378 2636 540 2721 pertineat
555 2636 622 2700 tub.
638 2635 687 2699 IV
702 2645 878 2717 tractatas,
900 2635 947 2701 ibi
968 2634 1091 2700 inserui
1107 2634 1157 2699 IV
1172 2636 1203 2699 3.
1232 2634 1352 2701 Eidem

206 2747 319 2803 autem
334 2736 467 2803 tabulae
482 2760 560 2801 num
576 2738 674 2801 etiam
691 2746 902 2823 praeceptum
923 2736 964 2802 de
984 2736 1198 2823 usurpatione
1217 2759 1276 2823 per
1295 2738 1352 2803 tri·

206 2840 352 2905 noctium
367 2838 430 2922 (VI
441 2839 475 2922 4)
493 2838 620 2903 rectius
630 2838 846 2920 adscribatur,
863 2839 977 2925 quaeri
992 2848 1101 2925 potest
1116 2860 1189 2903 cum
1200 2838 1351 2926 Schweg·

205 2942 277 3008 lero
292 2940 336 3007 H.
352 2940 392 3006 R.
409 2940 462 3005 IIl
477 2964 508 3027 p.
524 2941 613 3007 3011.
631 2942 660 3005 2.
683 2940 726 3005 cf.
743 2950 853 3005 tamon
869 2940 984 3005 Dirlrs.
1001 2963 1034 3027 p.
1049 2940 1122 3006 225.
1138 2941 1213 3005 419.

293 3042 445 3130 Denique
471 3042 554 3128 legis
581 3042 804 3107 conclamatae
829 3042 871 3107 de
897 3043 1110 3107 senatibus
1142 3053 1176 3107 ot
1203 3042 1350 3108 sorotis

111 3220 114 3225 Ι
193 3146 240 3231 ·(Ι
255 3146 292 3231 5)
308 3155 502 3230 argumento
517 3153 641 3210 mutato
657 3144 751 3209 sedes
768 3167 897 3233 quoque
911 3142 1070 3227 mutanda
1084 3154 1142 3209 est.
1158 3143 1266 3227 Quam
1278 3166 1351 3231 pro·

206 3246 364 3315 habiliter
384 3269 488 3335 nuper
507 3244 701 3311 Huschkius
723 3246 779 3331 (do
800 3247 871 3311 iure
886 3247 963 3311 nexi
977 3270 1010 3334 p.
1025 3246 1089 3311 255
1108 3246 1152 3311 cf.
1168 3245 1236 3311 Iur.
1251 3246 1351 3313 antei.

207 3374 240 3437 p.
256 3348 313 3436 26)
329 3349 477 3415 restituit
491 3349 551 3413 ita:
571 3352 666 3413 ‘Neri
678 3355 879 3429 mancepir'que
893 3369 960 3413 cum
971 3369 1006 3429 p.
1023 3352 1060 3411 B.
1075 3353 1154 3413 idem
1166 3353 1245 3427 sorti
1256 3370 1352 3413 sonc-

207 3458 302 3531 tt’sqtte
315 3472 410 3531 supra
425 3453 569 3529 infraque
590 3458 636 3513 tus
650 3456 720 3515 estc’
736 3488 779 3500 —-
794 3450 837 3515 ct'.
854 3450 942 3513 infra
956 3472 1008 3536 ap.
1025 3450 1160 3515 Festum
1175 3472 1207 3537 p.
1223 3449 1284 3514 321
1301 3472 1351 3537 sq.
1461 3480 1464 3487 ¹

204 3559 337 3633 furatos
355 3560 542 3632 sanatisque)
565 3556 643 3616 duos
665 3558 762 3630 pentir
779 3557 939 3628 finitimam
955 3556 1052 3629 faisse
1071 3563 1170 3615 censa
1189 3556 1227 3615 de
1246 3557 1352 3630 quibus

207 3664 317 3737 tamem
332 3660 411 3720 tune
425 3659 584 3735 sertatum
598 3676 661 3718 esse
675 3662 898 3734 quassaretur,
919 3665 951 3717 ut
970 3658 1004 3717 t'd
1016 3658 1062 3716 t'tts
1082 3658 1243 3735 munmpit
1259 3659 1352 3717 acari-

208 3779 265 3841 que
285 3764 366 3838 qaod
381 3764 525 3838 populus)
547 3760 584 3821 It.
606 3760 757 3821 terruerant.
768 3756 791 3841 ¹)
833 3756 949 3843 ltaque
970 3777 1044 3820 eum
1064 3754 1132 3819 iam
1157 3777 1222 3822 non
1246 3755 1351 3843 accipi

213 3916 406 3925 μ*

277 3998 298 4064 ¹)
317 4000 358 4050 ita
376 3999 520 4065 ingeniose
539 3999 711 4060 llusohkius,
740 4012 801 4048 cum
823 3997 946 4065 suppleri
970 3996 1061 4047 soleat
1083 3999 1183 4047 anteat
1200 4001 1242 4047 ‘nt
1263 3998 1293 4048 t'd
1312 4000 1352 4048 tu

209 4087 343 4149 tiranifesto
362 4085 431 4150 qaod
446 4101 472 4149 p.
493 4086 522 4135 lt.
540 4085 609 4135 lat!
645 4082 699 4133 Sed
717 4082 745 4133 in
767 4084 829 4149 ipsa
847 4084 911 4148 lege
932 4084 1098 4148 ‘tardique'
1119 4080 1192 4133 idem
1213 4079 1286 4133 male
1303 4080 1352 4133 da·

208 4173 294 4223 tirum
312 4184 362 4235 pro
381 4171 511 4235 genetivo
529 4170 635 4234 posuit,
660 4182 739 4233 quern
763 4168 873 4235 flagitat
896 4172 925 4218 et
946 4166 1018 4233 quod
1039 4167 1165 4231 sequitur
1185 4168 1230 4217 ‘id
1249 4173 1288 4217 eet
1309 4166 1352 4218 do-

211 4254 333 4320 nor(um
357 4266 381 4304 et
400 4256 425 4303 in
445 4256 520 4318 fidem
542 4252 729 4318 receptoruml’
753 4258 782 4303 et
802 4254 863 4319 ipse
881 4254 1028 4318 genetivus
1046 4266 1101 4301 nou
1124 4250 1181 4303 dai.
1200 4248 1294 4314 ‘sorti’
1314 4251 1350 4301 ct.

210 4358 235 4406 p.
254 4344 314 4400 322,
338 4345 358 4391 1.
378 4342 394 4389 4
412 4338 517 4405 ‘(nepue
535 4340 600 4390 tilica
618 4356 691 4405 qaum
705 4336 833 4403 forletoa
851 4344 878 4388 et
893 4334 1039 4402 κωμῶν
1062 4339 1092 4386 et
1112 4334 1131 4388 l.
1149 4336 1166 4385 8
1184 4332 1252 4401 ’(ᾳια·
1268 4337 1352 4401 eapti·

211 4428 278 4490 cent)
300 4432 405 4477 suamet
428 4424 497 4487 (aaut
521 4424 592 4486 coil.)
612 4425 705 4489 forcti
727 4423 813 4489 (pauci
834 4423 926 4473 dictum
953 4422 1031 4485 esset)
1052 4424 1111 4471 tunt
1135 4422 1239 4473 imant!
1278 4423 1352 4473 Pau·

211 4510 253 4561 lus
275 4524 301 4576 p.
327 4513 375 4563 102
402 4511 542 4561 ‘Horetum
564 4516 590 4559 et
612 4510 723 4573 farctum
748 4524 798 4572 pro
825 4508 891 4559 dono
917 4492 1055 4560 auitam!
1095 4505 1150 4557 Sed
1175 4505 1246 4557 idem
1268 4524 1294 4574 p.
1317 4508 1352 4558 ct

213 4594 327 4649 ‘torota
344 4597 417 4663 [rapt
435 4602 459 4646 ct
483 4596 563 4647 tonus
584 4610 606 4645 a.
629 4594 750 4653 ualidus’,
772 4592 820 4642 ubi
840 4592 936 4645 Muell.
954 4590 1070 4644 ‘Festus
1092 4590 1187 4643 nescio
1210 4578 1246 4643 ati
1268 4592 1350 4657 “scr-
