3409 5409
342 448 403 511 136
765 466 903 511 raason
928 465 972 512 vi.
996 465 1057 512 vu.

427 635 644 696 QVANDOQVE
667 634 818 698 suurbi,
842 634 960 681 Dorso
982 634 1125 681 Dsurrn
1149 636 1266 682 novur

367 796 372 805 .
425 718 588 805 leianus
617 718 835 784 LXXXVII
866 719 907 784 ed
935 719 997 785 Ed.
1033 720 1109 804 Dig.
1132 719 1186 801 47,
1209 721 1245 801 3,
1271 724 1286 783 l
1311 741 1360 806 pr.
1401 719 1493 784 ‘Lux

340 820 512 887 duodecim
533 819 721 886 tabularum
742 843 847 907 neque
869 820 997 887 soluere
1011 822 1171 907 permittit
1185 822 1313 907 tignum
1327 820 1492 886 furliuum

342 922 480 988 aedibus
502 921 556 987 uel
578 924 684 988 uineis
706 924 854 987 iunctum
874 944 980 1011 neque
1001 922 1187 1007 uindicare3
1210 922 1299 1009 quod
1313 922 1490 1010 prouiden-

344 1037 394 1091 ter
416 1023 472 1089 lex
494 1024 616 1106 effecit,
639 1047 681 1090 ne
702 1023 756 1089 uel
778 1023 930 1089 aedificia
952 1025 1014 1089 sub
1036 1024 1098 1090 hoe
1119 1032 1294 1112 praetextu
1316 1023 1493 1089 diruantur

344 1124 398 1190 uel
420 1126 592 1191 uinearum
612 1124 742 1191 oultma
763 1126 926 1191 turbetur:
951 1126 1009 1191 sed
1031 1127 1066 1191 in
1089 1148 1163 1192 eum
1178 1126 1235 1214 qui
1250 1126 1423 1193 conuictus
1439 1135 1492 1191 est
1576 1208 1578 1213 Α

343 1226 492 1293 iunxisse
513 1228 549 1292 in
570 1226 707 1315 duplum
729 1227 991 1293 dat-actionem!

771 1430 960 1496 TABVLA
981 1430 1059 1497 VII.

428 1685 537 1753 Varro
565 1685 607 1751 de
628 1686 666 1752 L.
691 1686 729 1751 L.
748 1685 785 1751 -V
806 1685 859 1751 22.
905 1685 1033 1752 ‘Etiam
1061 1687 1203 1752 ambitus
1232 1696 1284 1753 est
1311 1687 1400 1774 quod
1431 1689 1493 1754 oir-

347 1788 531 1854 oumeundo
554 1789 685 1853 teritur:
709 1810 786 1853 nam
807 1787 950 1853 ambitus
974 1788 1146 1869 circuitus,
1169 1788 1212 1854 ab
1234 1811 1339 1875 eoque
1358 1789 1431 1854 XII
1445 1800 1493 1855 ta·

346 1886 500 1955 bularum
523 1888 717 1976 interpretes
740 1888 882 1954 ambitus
907 1888 940 1976 (l.
963 1889 1137 1977 ambitum)
1160 1890 1296 1977 parietis
1320 1892 1494 1957 circuitum

346 2012 419 2057 esse
441 1988 659 2056 deseribunt'
1426 1981 1431 1991 '

431 2091 588 2157 Volusius
609 2090 799 2158 Maecianus
822 2090 962 2159 Distrib.
985 2092 1038 2159 46.
1072 2092 1268 2159 ‘Sestertius
1297 2094 1379 2161 duos
1403 2117 1494 2163 asses

347 2340 470 2398 oauetur,
481 2349 516 2385 ue
529 2334 590 2399 quis
602 2334 709 2400 tignum
718 2334 841 2385 alienum
851 2332 967 2385 sedibus
976 2336 1034 2386 suis
1043 2334 1168 2386 iunctum
1179 2336 1298 2387 eximere
1309 2340 1435 2403 eogatur,
1446 2336 1495 2389 sed

347 2420 461 2488 duplum
478 2435 528 2487 pro
544 2434 578 2469 eo
595 2423 719 2485 praestet
735 2418 795 2485 [per
812 2420 964 2484 sotionem,
988 2434 1060 2484 quae
1082 2424 1199 2471 uocatur
1218 2421 1252 2472 de
1275 2422 1352 2488 tigno
1369 2422 1496 2473 iniuncto

346 2508 408 2559 odd.
419 2504 466 2573 I.].
484 2503 680 2571 Appellatione
692 2510 785 2555 autem
797 2504 869 2570 tigni
882 2519 975 2555 omnes
987 2505 1122 2556 materiae
1134 2505 1338 2571 significentur,
1349 2522 1383 2557 ex
1396 2508 1496 2572 quibus

348 2590 479 2642 aediticia
491 2588 569 2640 fiunt.
589 2586 678 2655 [Quod
689 2588 752 2641 ideo
766 2589 906 2655 prouisum
917 2592 968 2654 est,
979 2604 1014 2640 ne
1027 2588 1184 2641 aedilicium
1197 2592 1318 2642 rescindi
1330 2606 1449 2644 neeesse
1460 2593 1497 2645 sit

347 2676 409 2728 odd.
423 2670 462 2742 1.]
481 2674 555 2740 Ergo
574 2674 599 2724 si
617 2672 713 2739 aliqua
730 2690 764 2725 ex
776 2688 864 2725 eausa
877 2673 995 2724 dirutum
1007 2674 1044 2724 sit
1057 2673 1228 2739 aedificium,
1246 2677 1349 2741 poterit
1359 2678 1496 2729 materiae

348 2758 474 2812 dominus
486 2756 521 2825 [si
534 2774 591 2809 non
608 2758 692 2809 fuerit
709 2757 821 2824 duplum
833 2758 889 2808 iam
902 2763 1064 2824 persecutus
1077 2761 1139 2811 add.
1149 2756 1185 2825 I.]
1199 2764 1266 2811 tuno
1279 2775 1340 2812 eam
1352 2760 1495 2815 uindicare

350 2851 378 2898 et
398 2845 434 2896 ad
453 2842 634 2895 exhibendum
654 2846 760 2909 agere!
785 2843 866 2894 Paul.
880 2840 898 2893 l.
912 2840 976 2894 XXI
995 2843 1030 2894 od
1042 2842 1091 2895 Ild.
1111 2844 1144 2895 D.
1159 2846 1184 2906 6,
1204 2846 1228 2909 1,
1247 2847 1280 2896 23
1298 2846 1314 2907 5
1332 2846 1348 2896 6
1366 2846 1496 2914 ‘Tignum

351 2932 474 2983 alienum
493 2928 610 2981 aedibus
628 2928 751 2978 iunctum
768 2942 820 2978 nec
839 2926 976 2979 uindicari
994 2932 1087 2994 potest
1104 2932 1216 2995 propter
1234 2928 1325 2996 legem
1342 2930 1399 2983 XII
1416 2932 1495 2983 tabu·

349 3018 439 3068 larum
457 3030 510 3066 neo
528 3030 560 3065 eo
578 3014 688 3064 nomine
707 3012 743 3064 ad
761 3012 945 3064 exhibendum
965 3014 1012 3079 agi
1029 3012 1083 3064 niei
1102 3014 1237 3066 aduersus
1249 3030 1324 3075 eum,
1344 3017 1393 3081 qui
1404 3018 1497 3070 ueiens

350 3101 472 3151 alienum
489 3098 579 3149 iunxit
597 3096 727 3149 aedibus:
746 3096 795 3147 sed
813 3102 856 3147 est
874 3098 948 3149 sotio
967 3098 1082 3163 antiqua
1100 3098 1134 3149 de
1153 3099 1231 3165 tigno
1253 3100 1348 3151 iuncto
1373 3117 1445 3168 quae
1468 3104 1497 3153 iu

350 3183 461 3250 duplam
480 3198 514 3234 ex
531 3182 599 3248 lege,
611 3183 666 3233 XII
679 3182 737 3233 tab.
757 3180 920 3235 deseendit.’
950 3181 990 3233 Id.
1006 3186 1046 3247 10,
1062 3184 1088 3248 4,
1108 3184 1132 3234 6.
1151 3185 1193 3248 24,
1214 3186 1237 3249 1,
1256 3184 1297 3235 63.
1317 3184 1392 3248 (11.6,
1413 3189 1496 3251 1,119.

348 3272 393 3335 44,
412 3270 438 3333 2,
456 3268 472 3318 i
489 3270 505 3331 ς
523 3270 547 3322 2.
567 3269 609 3333 42,
627 3265 652 3330 3,
671 3268 695 3319 2.
713 3268 755 3331 60,
775 3267 816 3331 16,
835 3268 878 3322 62,
910 3266 971 3319 Gai.
984 3266 1001 3321 l.
1016 3267 1105 3319 XXVI
1124 3268 1159 3319 ed
1178 3268 1220 3321 ed.
1238 3285 1316 3335 prou.
1334 3270 1432 3338 ‘Tigni
1450 3289 1496 3339 sp·

349 3353 501 3423 pollutione
520 3354 549 3403 in
566 3352 629 3419 lege
647 3352 700 3403 XII
713 3351 870 3403 tabulamm
889 3368 968 3403 omne
980 3364 1073 3418 genus·
1085 3355 1221 3405 materiae
1241 3370 1275 3405 ex
1293 3369 1349 3419 que
1367 3355 1497 3409 aedificia

350 3443 480 3493 constant
496 3438 693 3504 significatur!
729 3437 765 3487 of.
778 3439 821 3503 47,
838 3440 864 3498 3,
884 3441 897 3487 1
917 3438 958 3499 §1
979 3438 1073 3504 ‘Tigni
1092 3443 1184 3489 autem
1201 3438 1390 3508 appellatione
1409 3442 1497 3493 eonti-

350 3531 431 3578 netur
449 3525 538 3575 omnis
555 3524 687 3587 materia,
706 3540 739 3573 ex
757 3538 812 3589 qua
834 3522 992 3575 aedificium
1016 3516 1126 3575 oo'ustet
1143 3524 1299 3591 uineaeque
1316 3528 1497 3578 neeessaria.’

351 3609 415 3675 le.
434 3612 479 3669 10,
498 3611 529 3672 4,
549 3611 564 3660 ⁷
582 3624 625 3674 pr.
657 3608 720 3661 Gai.
737 3608 756 3661 l.
774 3608 818 3658 III
836 3607 871 3659 ad
889 3608 979 3675 legem
997 3608 1050 3659 XII
1067 3608 1234 3659 tabularum.
1264 3610 1299 3664 D.
1319 3610 1366 3675 60,
1387 3612 1429 3675 16,
1448 3612 1498 3664 235

350 3696 394 3757 §1
412 3693 531 3744 ‘Fabros
550 3692 688 3760 tignarios
705 3692 821 3743 dicimos
839 3707 894 3742 non
912 3708 960 3744 eos
979 3692 1114 3744 duntaxat
1131 3695 1179 3759 qui
1196 3694 1275 3761 tigne
1293 3692 1430 3760 dolarent,
1449 3694 1498 3749 sed

352 3793 447 3830 omues
470 3779 518 3843 qui
539 3776 745 3831 aadiiioarent.’
780 3780 806 3831 6.
824 3776 927 3828 Festus
946 3794 971 3843 p.
989 3780 1039 3829 322
1058 3778 1095 3829 Μ.
1115 3776 1269 3844 ‘(Sarpta
1286 3780 1371 3829 uinea
1388 3784 1497 3846 putata,

351 3862 392 3929 i)d
411 3866 455 3915 ast
471 3878 540 3929 pura
558 3862 649 3925 (faeta
662 3900 669 3913 .
683 3899 690 3911 .
703 3900 731 3915 ..
750 3876 864 3928 sarpere
883 3862 956 3913 enim
974 3862 1093 3928 u)ntiqui
1110 3876 1158 3928 pro
1177 3862 1309 3929 pur(gare
1326 3862 1497 3930 dicebaut).’

353 3951 390 4004 ei.
409 3948 499 4002 Gloss.
518 3948 607 4001 Labb.
627 3945 872 4014 1Μιτροκλαδεύω
891 3945 1055 4011 ἀμπέλου(.’

421 4038 444 4085 1.
463 4033 567 4085 Paulus
584 4034 651 4083 Exo.
671 4048 705 4084 ex
722 4032 808 4083 Festo
825 4048 852 4098 p.
871 4034 887 4083 6
906 4034 942 4083 M.
962 4032 1099 4083 ‘Ambitus
1117 4034 1226 4101 proprie
1244 4032 1348 4084 dieitur
1365 4034 1498 4087 circuitus

353 4119 542 4173 aedificiorum
558 4122 658 4185 patena
675 4118 704 4167 iu
722 4116 898 4169 latitudinem
916 4116 1000 4183 pedes
1018 4116 1088 4168 duos
1108 4122 1136 4167 et
1153 4118 1312 4179 semissem,
1331 4118 1360 4169 in
1378 4118 1499 4187 longitu-

438 4332 466 4388 8.
490 4332 581 4405 tigna.
596 4344 630 4384 ne
645 4327 777 4385 niudioito
792 4328 888 4399 suppl.
904 4326 1072 4383 Huaclrlrius
1088 4343 1120 4398 p.
1138 4330 1176 4382 24
1192 4343 1221 4382 n.
1240 4330 1288 4383 12.
1309 4326 1390 4385 Idem
1405 4334 1499 4385 tamea

350 4434 382 4491 p.
400 4420 449 4473 24.
467 4419 502 4471 29
516 4416 661 4471 restituit:
675 4429 765 4489 neque
784 4415 865 4469 uinea
881 4412 1044 4487 quaudoque
1059 4420 1166 4485 sarpta.
1186 4410 1274 4469 donee
1295 4412 1405 4489 dempta
1420 4422 1499 4471 erunt

355 4499 389 4574 (s.
405 4500 510 4572 esunt),
526 4501 603 4573 tigna
618 4499 759 4556 uindioilo.
777 4501 881 4574 estqui
898 4499 1000 4565 innuit,
1016 4497 1146 4571 duplione
1162 4496 1289 4556 (lemnum
1303 4496 1432 4558 decidito.
