<?xml version="1.0" encoding="UTF-8"?>
<!DOCTYPE html PUBLIC "-//W3C//DTD XHTML 1.0 Transitional//EN"
    "http://www.w3.org/TR/xhtml1/DTD/xhtml1-transitional.dtd">
<html xmlns="http://www.w3.org/1999/xhtml" xml:lang="en" lang="en">
 <head>
  <title>
</title>
<meta http-equiv="Content-Type" content="text/html;charset=utf-8" />
  <meta name='ocr-system' content='tesseract 3.04.00' />
  <meta name='ocr-capabilities' content='ocr_page ocr_carea ocr_par ocr_line ocrx_word'/>
</head>
<body>
  <div class='ocr_page' id='page_1' title='image "./legisdvodecimta01schgoog_0081.png"; bbox 0 0 3409 5409; ppageno 0'>
   <div class='ocr_carea' id='block_1_1' title="bbox 361 453 1082 523">
    <p class='ocr_par' dir='ltr' id='par_1_1' title="bbox 361 453 1082 523">
     <span class='ocr_line' id='line_1_1' title="bbox 361 453 1082 523; baseline -0.007 0"><span class='ocrx_word' id='word_1_1' title='bbox 361 453 404 523; x_wconf 87' lang='lat'><strong>64</strong></span> <span class='ocrx_word' id='word_1_2' title='bbox 781 469 895 519; x_wconf 79' lang='lat' dir='ltr'><strong>csrvr</strong></span> <span class='ocrx_word' id='word_1_3' title='bbox 916 468 1082 519; x_wconf 82' lang='lat' dir='ltr'><strong>rnarrvu.</strong></span> 
     </span>
    </p>
   </div>
   <div class='ocr_carea' id='block_1_2' title="bbox 361 622 1561 919">
    <p class='ocr_par' dir='ltr' id='par_1_2' title="bbox 361 622 1561 919">
     <span class='ocr_line' id='line_1_2' title="bbox 361 622 1561 711; baseline -0.002 -19"><span class='ocrx_word' id='word_1_4' title='bbox 361 624 494 693; x_wconf 85' lang='lat' dir='ltr'><strong>tabulae</strong></span> <span class='ocrx_word' id='word_1_5' title='bbox 518 626 677 693; x_wconf 77' lang='lat' dir='ltr'><strong>insertam</strong></span> <span class='ocrx_word' id='word_1_6' title='bbox 700 626 804 691; x_wconf 84' lang='lat' dir='ltr'><strong>fuisse</strong></span> <span class='ocrx_word' id='word_1_7' title='bbox 828 646 895 690; x_wconf 87' lang='lat' dir='ltr'><strong>non</strong></span> <span class='ocrx_word' id='word_1_8' title='bbox 920 635 971 691; x_wconf 88' lang='lat' dir='ltr'><strong>cst</strong></span> <span class='ocrx_word' id='word_1_9' title='bbox 995 625 1083 711; x_wconf 92' lang='lat' dir='ltr'><strong>quod</strong></span> <span class='ocrx_word' id='word_1_10' title='bbox 1108 624 1184 689; x_wconf 91' lang='lat' dir='ltr'><strong>hinc</strong></span> <span class='ocrx_word' id='word_1_11' title='bbox 1202 622 1385 691; x_wconf 88' lang='lat' dir='ltr'><strong>concludat</strong></span> <span class='ocrx_word' id='word_1_12' title='bbox 1403 624 1561 692; x_wconf 82' lang='lat' dir='ltr'><strong>Goett-</strong></span> 
     </span>
     <span class='ocr_line' id='line_1_3' title="bbox 361 726 1559 817; baseline 0.002 -26"><span class='ocrx_word' id='word_1_13' title='bbox 361 729 482 815; x_wconf 84' lang='lat' dir='ltr'><strong>lingius</strong></span> <span class='ocrx_word' id='word_1_14' title='bbox 509 730 544 793; x_wconf 93' lang='lat' dir='ltr'><strong>in</strong></span> <span class='ocrx_word' id='word_1_15' title='bbox 569 730 650 817; x_wconf 88' lang='lat' dir='ltr'><strong>reip.</strong></span> <span class='ocrx_word' id='word_1_16' title='bbox 678 728 772 795; x_wconf 90' lang='lat' dir='ltr'><strong>Rom.</strong></span> <span class='ocrx_word' id='word_1_17' title='bbox 796 728 918 793; x_wconf 87' lang='lat' dir='ltr'><strong>admin.</strong></span> <span class='ocrx_word' id='word_1_18' title='bbox 937 727 1015 793; x_wconf 90' lang='lat' dir='ltr'><strong>hist.</strong></span> <span class='ocrx_word' id='word_1_19' title='bbox 1046 750 1079 814; x_wconf 87' lang='lat' dir='ltr'><strong>p.</strong></span> <span class='ocrx_word' id='word_1_20' title='bbox 1099 727 1173 792; x_wconf 79' lang='lat'><strong>315.</strong></span> <span class='ocrx_word' id='word_1_21' title='bbox 1215 727 1326 813; x_wconf 82' lang='lat' dir='ltr'><strong>Atque</strong></span> <span class='ocrx_word' id='word_1_22' title='bbox 1348 726 1559 793; x_wconf 85' lang='lat' dir='ltr'><strong>fastorum</strong></span> 
     </span>
     <span class='ocr_line' id='line_1_4' title="bbox 362 828 1554 919; baseline -0.001 -24"><span class='ocrx_word' id='word_1_23' title='bbox 362 830 631 897; x_wconf 86' lang='lat' dir='ltr'><strong>decemviralium</strong></span> <span class='ocrx_word' id='word_1_24' title='bbox 659 854 744 919; x_wconf 87' lang='lat' dir='ltr'><strong>quae</strong></span> <span class='ocrx_word' id='word_1_25' title='bbox 776 831 876 895; x_wconf 88' lang='lat' dir='ltr'><strong>fuerit</strong></span> <span class='ocrx_word' id='word_1_26' title='bbox 899 830 985 895; x_wconf 90' lang='lat' dir='ltr'><strong>ratio</strong></span> <span class='ocrx_word' id='word_1_27' title='bbox 1015 852 1091 895; x_wconf 89' lang='lat' dir='ltr'><strong>cum</strong></span> <span class='ocrx_word' id='word_1_28' title='bbox 1113 838 1245 896; x_wconf 87' lang='lat' dir='ltr'><strong>vetusto</strong></span> <span class='ocrx_word' id='word_1_29' title='bbox 1272 828 1405 894; x_wconf 87' lang='lat' dir='ltr'><strong>Numae</strong></span> <span class='ocrx_word' id='word_1_30' title='bbox 1437 852 1554 895; x_wconf 80' lang='lat' dir='ltr'><strong>anno</strong></span> 
     </span>
    </p>
   </div>
   <div class='ocr_carea' id='block_1_3' title="bbox 358 930 1575 4163">
    <p class='ocr_par' dir='ltr' id='par_1_3' title="bbox 358 930 1575 4163">
     <span class='ocr_line' id='line_1_5' title="bbox 362 930 1552 1021; baseline -0.001 -23"><span class='ocrx_word' id='word_1_31' title='bbox 362 944 641 1020; x_wconf 79' lang='lat' dir='ltr'>comparatorum,</span> <span class='ocrx_word' id='word_1_32' title='bbox 663 932 808 1021; x_wconf 86' lang='lat' dir='ltr'><strong>aliquam</strong></span> <span class='ocrx_word' id='word_1_33' title='bbox 823 942 912 998; x_wconf 83' lang='lat' dir='ltr'><strong>certe</strong></span> <span class='ocrx_word' id='word_1_34' title='bbox 931 930 1117 1018; x_wconf 70' lang='lat' dir='ltr'><strong>augurandi</strong></span> <span class='ocrx_word' id='word_1_35' title='bbox 1130 954 1246 997; x_wconf 89' lang='lat' dir='ltr'><strong>ansam</strong></span> <span class='ocrx_word' id='word_1_36' title='bbox 1261 930 1408 996; x_wconf 88' lang='lat' dir='ltr'><strong>Ovidius</strong></span> <span class='ocrx_word' id='word_1_37' title='bbox 1428 954 1552 1019; x_wconf 81' lang='lat' dir='ltr'><strong>prae-</strong></span> 
     </span>
     <span class='ocr_line' id='line_1_6' title="bbox 362 1032 1347 1101; baseline -0.004 0"><span class='ocrx_word' id='word_1_38' title='bbox 362 1036 420 1101; x_wconf 88' lang='lat' dir='ltr'><strong>bet</strong></span> <span class='ocrx_word' id='word_1_39' title='bbox 434 1072 476 1082; x_wconf 93' lang='grc'>-</span> <span class='ocrx_word' id='word_1_40' title='bbox 491 1036 553 1101; x_wconf 85' lang='lat' dir='ltr'><strong>etsi</strong></span> <span class='ocrx_word' id='word_1_41' title='bbox 569 1036 610 1101; x_wconf 88' lang='lat' dir='ltr'><strong>de</strong></span> <span class='ocrx_word' id='word_1_42' title='bbox 627 1038 697 1101; x_wconf 88' lang='lat' dir='ltr'><strong>eius</strong></span> <span class='ocrx_word' id='word_1_43' title='bbox 718 1034 784 1099; x_wconf 86' lang='lat' dir='ltr'><strong>fide</strong></span> <span class='ocrx_word' id='word_1_44' title='bbox 805 1034 977 1101; x_wconf 83' lang='lat' dir='ltr'><strong>dubitatur</strong></span> <span class='ocrx_word' id='word_1_45' title='bbox 990 1071 1033 1081; x_wconf 96' lang='lat'><em>-</em></span> <span class='ocrx_word' id='word_1_46' title='bbox 1047 1033 1139 1100; x_wconf 82' lang='lat' dir='ltr'><strong>Fast</strong></span> <span class='ocrx_word' id='word_1_47' title='bbox 1156 1032 1347 1099; x_wconf 77' lang='lat'>1147-54:</span> 
     </span>
     <span class='ocr_line' id='line_1_7' title="bbox 514 1141 1284 1217; baseline -0.004 -14"><span class='ocrx_word' id='word_1_48' title='bbox 514 1142 576 1203; x_wconf 84' lang='lat' dir='ltr'><strong>Sed</strong></span> <span class='ocrx_word' id='word_1_49' title='bbox 589 1150 687 1203; x_wconf 85' lang='lat' dir='ltr'><strong>tamen</strong></span> <span class='ocrx_word' id='word_1_50' title='bbox 701 1142 819 1217; x_wconf 78' lang='lat' dir='ltr'><em>antiqui</em></span> <span class='ocrx_word' id='word_1_51' title='bbox 831 1158 870 1201; x_wconf 86' lang='lat' dir='ltr'><strong>ne</strong></span> <span class='ocrx_word' id='word_1_52' title='bbox 883 1144 1000 1202; x_wconf 74' lang='lat' dir='ltr'><strong>mactas</strong></span> <span class='ocrx_word' id='word_1_53' title='bbox 1012 1141 1129 1201; x_wconf 74' lang='lat' dir='ltr'><strong>ordina</strong></span> <span class='ocrx_word' id='word_1_54' title='bbox 1142 1156 1227 1201; x_wconf 86' lang='lat' dir='ltr'><strong>erres</strong></span> <span class='ocrx_word' id='word_1_55' title='bbox 1241 1174 1284 1183; x_wconf 95' lang='lat'><em>-</em></span> 
     </span>
     <span class='ocr_line' id='line_1_8' title="bbox 563 1242 1229 1321; baseline -0.006 -17"><span class='ocrx_word' id='word_1_56' title='bbox 563 1244 696 1315; x_wconf 81' lang='lat' dir='ltr'><strong><em>Primus,</em></strong></span> <span class='ocrx_word' id='word_1_57' title='bbox 711 1253 744 1303; x_wconf 87' lang='lat' dir='ltr'><strong>at</strong></span> <span class='ocrx_word' id='word_1_58' title='bbox 757 1250 813 1321; x_wconf 88' lang='lat' dir='ltr'><strong>est,</strong></span> <span class='ocrx_word' id='word_1_59' title='bbox 828 1244 902 1303; x_wconf 81' lang='lat' dir='ltr'><strong>Iaat‘</strong></span> <span class='ocrx_word' id='word_1_60' title='bbox 913 1246 1021 1304; x_wconf 80' lang='lat' dir='ltr'><strong>meast‘s</strong></span> <span class='ocrx_word' id='word_1_61' title='bbox 1034 1249 1065 1305; x_wconf 86' lang='lat' dir='ltr'><strong>et</strong></span> <span class='ocrx_word' id='word_1_62' title='bbox 1076 1248 1146 1303; x_wconf 82' lang='lat' dir='ltr'><strong>ante</strong></span> <span class='ocrx_word' id='word_1_63' title='bbox 1157 1242 1229 1316; x_wconf 80' lang='lat' dir='ltr'><strong>fait.</strong></span> 
     </span>
     <span class='ocr_line' id='line_1_9' title="bbox 519 1344 1296 1421; baseline -0.003 -15"><span class='ocrx_word' id='word_1_64' title='bbox 519 1344 578 1417; x_wconf 76' lang='lat' dir='ltr'><strong>Qut</strong></span> <span class='ocrx_word' id='word_1_65' title='bbox 590 1348 723 1421; x_wconf 74' lang='lat' dir='ltr'><strong>sequitur</strong></span> <span class='ocrx_word' id='word_1_66' title='bbox 737 1346 863 1421; x_wconf 85' lang='lat' dir='ltr'><strong>Ianum,</strong></span> <span class='ocrx_word' id='word_1_67' title='bbox 879 1348 985 1406; x_wconf 67' lang='lat' dir='ltr'><strong>rearis</strong></span> <span class='ocrx_word' id='word_1_68' title='bbox 996 1344 1061 1418; x_wconf 76' lang='lat' dir='ltr'><strong>fait</strong></span> <span class='ocrx_word' id='word_1_69' title='bbox 1073 1348 1192 1406; x_wconf 82' lang='lat' dir='ltr'><strong>altimus</strong></span> <span class='ocrx_word' id='word_1_70' title='bbox 1206 1346 1281 1405; x_wconf 79' lang='lat' dir='ltr'><strong>aaut</strong></span> <span class='ocrx_word' id='word_1_71' title='bbox 1285 1367 1296 1403; x_wconf 93' lang='lat'><em>:</em></span> 
     </span>
     <span class='ocr_line' id='line_1_10' title="bbox 561 1446 1262 1525; baseline 0 -18"><span class='ocrx_word' id='word_1_72' title='bbox 561 1448 606 1509; x_wconf 82' lang='lat' dir='ltr'><strong>Ta</strong></span> <span class='ocrx_word' id='word_1_73' title='bbox 621 1465 735 1525; x_wconf 83' lang='lat' dir='ltr'><strong>qaoque</strong></span> <span class='ocrx_word' id='word_1_74' title='bbox 748 1464 922 1523; x_wconf 73' lang='lat' dir='ltr'><strong>sucronem,</strong></span> <span class='ocrx_word' id='word_1_75' title='bbox 942 1446 1087 1519; x_wconf 80' lang='lat' dir='ltr'><strong><em>Termine,</em></strong></span> <span class='ocrx_word' id='word_1_76' title='bbox 1098 1449 1171 1521; x_wconf 70' lang='lat' dir='ltr'><strong>aaa</strong></span> <span class='ocrx_word' id='word_1_77' title='bbox 1182 1464 1262 1525; x_wconf 76' lang='lat' dir='ltr'><strong>eras.</strong></span> 
     </span>
     <span class='ocr_line' id='line_1_11' title="bbox 516 1550 1333 1628; baseline 0.002 -19"><span class='ocrx_word' id='word_1_78' title='bbox 516 1550 636 1612; x_wconf 78' lang='lat' dir='ltr'><strong><em>Primus</em></strong></span> <span class='ocrx_word' id='word_1_79' title='bbox 650 1554 728 1613; x_wconf 78' lang='lat' dir='ltr'><strong>caim</strong></span> <span class='ocrx_word' id='word_1_80' title='bbox 742 1552 816 1613; x_wconf 83' lang='lat' dir='ltr'><strong>Iani</strong></span> <span class='ocrx_word' id='word_1_81' title='bbox 828 1555 950 1625; x_wconf 72' lang='lat' dir='ltr'><strong>mensa,</strong></span> <span class='ocrx_word' id='word_1_82' title='bbox 965 1553 1037 1627; x_wconf 80' lang='lat' dir='ltr'><strong>qaia</strong></span> <span class='ocrx_word' id='word_1_83' title='bbox 1051 1553 1146 1611; x_wconf 77' lang='lat' dir='ltr'><strong>ianua</strong></span> <span class='ocrx_word' id='word_1_84' title='bbox 1158 1553 1261 1628; x_wconf 66' lang='lat' dir='ltr'><strong>prima</strong></span> <span class='ocrx_word' id='word_1_85' title='bbox 1275 1558 1333 1611; x_wconf 85' lang='lat' dir='ltr'><strong>est:</strong></span> 
     </span>
     <span class='ocr_line' id='line_1_12' title="bbox 561 1653 1208 1725; baseline 0 -12"><span class='ocrx_word' id='word_1_86' title='bbox 561 1653 618 1725; x_wconf 78' lang='lat' dir='ltr'><strong>Qui</strong></span> <span class='ocrx_word' id='word_1_87' title='bbox 630 1670 717 1716; x_wconf 85' lang='lat' dir='ltr'><strong>sacer</strong></span> <span class='ocrx_word' id='word_1_88' title='bbox 730 1662 775 1715; x_wconf 85' lang='lat' dir='ltr'><strong>est</strong></span> <span class='ocrx_word' id='word_1_89' title='bbox 788 1657 855 1715; x_wconf 76' lang='lat' dir='ltr'><strong>imis</strong></span> <span class='ocrx_word' id='word_1_90' title='bbox 869 1654 1020 1723; x_wconf 72' lang='lat' dir='ltr'><strong>mariba,</strong></span> <span class='ocrx_word' id='word_1_91' title='bbox 1036 1656 1112 1714; x_wconf 79' lang='lat' dir='ltr'><strong>imus</strong></span> <span class='ocrx_word' id='word_1_92' title='bbox 1125 1661 1208 1715; x_wconf 86' lang='lat' dir='ltr'><strong>erat.-</strong></span> 
     </span>
     <span class='ocr_line' id='line_1_13' title="bbox 515 1756 1221 1833; baseline 0 -18"><span class='ocrx_word' id='word_1_93' title='bbox 515 1756 669 1817; x_wconf 79' lang='lat' dir='ltr'><strong>Postmotto</strong></span> <span class='ocrx_word' id='word_1_94' title='bbox 683 1758 851 1819; x_wconf 81' lang='lat' dir='ltr'><strong>credantur</strong></span> <span class='ocrx_word' id='word_1_95' title='bbox 864 1760 962 1833; x_wconf 77' lang='lat' dir='ltr'><strong>spatio</strong></span> <span class='ocrx_word' id='word_1_96' title='bbox 976 1757 1120 1816; x_wconf 72' lang='lat' dir='ltr'><em>distantia</em></span> <span class='ocrx_word' id='word_1_97' title='bbox 1133 1758 1221 1831; x_wconf 71' lang='lat' dir='ltr'><strong>lonpo</strong></span> 
     </span>
     <span class='ocr_line' id='line_1_14' title="bbox 559 1857 1186 1935; baseline -0.005 -17"><span class='ocrx_word' id='word_1_98' title='bbox 559 1857 764 1935; x_wconf 67' lang='lat' dir='ltr'><strong>temporabis</strong></span> <span class='ocrx_word' id='word_1_99' title='bbox 779 1861 865 1934; x_wconf 80' lang='lat' dir='ltr'><strong>quint</strong></span> <span class='ocrx_word' id='word_1_100' title='bbox 876 1859 1064 1920; x_wconf 80' lang='lat' dir='ltr'><strong>continuasse</strong></span> <span class='ocrx_word' id='word_1_101' title='bbox 1078 1860 1139 1919; x_wconf 77' lang='lat' dir='ltr'><strong>virt</strong></span> <span class='ocrx_word' id='word_1_102' title='bbox 1151 1904 1160 1920; x_wconf 91' lang='lat'><strong>.</strong></span> <span class='ocrx_word' id='word_1_103' title='bbox 1179 1902 1186 1915; x_wconf 92' lang='lat'>.</span> 
     </span>
     <span class='ocr_line' id='line_1_15' title="bbox 361 1954 1518 2045; baseline -0.001 -24"><span class='ocrx_word' id='word_1_104' title='bbox 361 1956 482 2044; x_wconf 91' lang='lat' dir='ltr'><strong>quibus</strong></span> <span class='ocrx_word' id='word_1_105' title='bbox 498 1954 678 2021; x_wconf 84' lang='lat' dir='ltr'><strong>Merkelius</strong></span> <span class='ocrx_word' id='word_1_106' title='bbox 701 1958 735 2021; x_wconf 93' lang='lat' dir='ltr'><strong>in</strong></span> <span class='ocrx_word' id='word_1_107' title='bbox 756 1956 905 2045; x_wconf 87' lang='lat' dir='ltr'><strong>prolegg.</strong></span> <span class='ocrx_word' id='word_1_108' title='bbox 921 1956 1076 2023; x_wconf 89' lang='lat' dir='ltr'>LXXIX</span> <span class='ocrx_word' id='word_1_109' title='bbox 1095 1956 1248 2023; x_wconf 84' lang='lat' dir='ltr'><strong>adhibuit</strong></span> <span class='ocrx_word' id='word_1_110' title='bbox 1265 1954 1373 2021; x_wconf 88' lang='lat' dir='ltr'><strong>Servii</strong></span> <span class='ocrx_word' id='word_1_111' title='bbox 1397 1954 1518 2021; x_wconf 87' lang='lat' dir='ltr'><strong>locum</strong></span> 
     </span>
     <span class='ocr_line' id='line_1_16' title="bbox 361 2058 1517 2147; baseline 0 -24"><span class='ocrx_word' id='word_1_112' title='bbox 361 2058 405 2123; x_wconf 88' lang='lat' dir='ltr'><strong>ad</strong></span> <span class='ocrx_word' id='word_1_113' title='bbox 419 2058 518 2145; x_wconf 84' lang='lat' dir='ltr'><strong>Verg.</strong></span> <span class='ocrx_word' id='word_1_114' title='bbox 535 2058 596 2125; x_wconf 82' lang='lat' dir='ltr'><strong>Ge.</strong></span> <span class='ocrx_word' id='word_1_115' title='bbox 611 2058 629 2123; x_wconf 94' lang='grc' dir='ltr'>Ι</span> <span class='ocrx_word' id='word_1_116' title='bbox 643 2058 685 2124; x_wconf 87' lang='grc'><strong>43</strong></span> <span class='ocrx_word' id='word_1_117' title='bbox 691 2106 700 2141; x_wconf 87' lang='grc'>,</span> <span class='ocrx_word' id='word_1_118' title='bbox 717 2058 900 2125; x_wconf 87' lang='lat' dir='ltr'><strong>Varronem</strong></span> <span class='ocrx_word' id='word_1_119' title='bbox 913 2060 949 2124; x_wconf 95' lang='lat' dir='ltr'><strong>in</strong></span> <span class='ocrx_word' id='word_1_120' title='bbox 963 2058 1104 2147; x_wconf 79' lang='lat' dir='ltr'><strong>Epistol.</strong></span> <span class='ocrx_word' id='word_1_121' title='bbox 1122 2058 1259 2141; x_wconf 74' lang='lat' dir='ltr'><strong>Queat.</strong></span> <span class='ocrx_word' id='word_1_122' title='bbox 1276 2066 1365 2125; x_wconf 74' lang='lat' dir='ltr'><strong>‘ater</strong></span> <span class='ocrx_word' id='word_1_123' title='bbox 1378 2077 1517 2123; x_wconf 69' lang='lat' dir='ltr'><strong>merem</strong></span> 
     </span>
     <span class='ocr_line' id='line_1_17' title="bbox 362 2152 1517 2240; baseline 0.001 -15"><span class='ocrx_word' id='word_1_124' title='bbox 362 2164 561 2225; x_wconf 79' lang='lat' dir='ltr'><strong>Februarium</strong></span> <span class='ocrx_word' id='word_1_125' title='bbox 576 2166 629 2239; x_wconf 77' lang='lat' dir='ltr'><strong>qai</strong></span> <span class='ocrx_word' id='word_1_126' title='bbox 642 2171 711 2225; x_wconf 84' lang='lat' dir='ltr'><strong>tuac</strong></span> <span class='ocrx_word' id='word_1_127' title='bbox 726 2172 802 2227; x_wconf 85' lang='lat' dir='ltr'><strong>esset</strong></span> <span class='ocrx_word' id='word_1_128' title='bbox 813 2170 965 2227; x_wconf 75' lang='lat' dir='ltr'><strong>extremus</strong></span> <span class='ocrx_word' id='word_1_129' title='bbox 978 2174 1008 2227; x_wconf 86' lang='lat' dir='ltr'><strong>et</strong></span> <span class='ocrx_word' id='word_1_130' title='bbox 1021 2168 1099 2226; x_wconf 79' lang='lat' dir='ltr'><strong>inter</strong></span> <span class='ocrx_word' id='word_1_131' title='bbox 1113 2166 1271 2226; x_wconf 78' lang='lat' dir='ltr'><em>Kalendas</em></span> <span class='ocrx_word' id='word_1_132' title='bbox 1285 2165 1417 2225; x_wconf 80' lang='lat' dir='ltr'><strong>Mara&#39;as</strong></span> <span class='ocrx_word' id='word_1_133' title='bbox 1430 2152 1517 2240; x_wconf 67' lang='lat' dir='ltr'><strong>quai</strong></span> 
     </span>
     <span class='ocr_line' id='line_1_18' title="bbox 361 2261 1515 2346; baseline 0.002 -19"><span class='ocrx_word' id='word_1_134' title='bbox 361 2274 431 2327; x_wconf 82' lang='lat' dir='ltr'><strong>tuac</strong></span> <span class='ocrx_word' id='word_1_135' title='bbox 444 2276 533 2327; x_wconf 77' lang='lat' dir='ltr'><strong>erum</strong></span> <span class='ocrx_word' id='word_1_136' title='bbox 543 2268 680 2343; x_wconf 80' lang='lat' dir='ltr'><strong>primae&#39;</strong></span> <span class='ocrx_word' id='word_1_137' title='bbox 696 2285 740 2329; x_wconf 90' lang='lat' dir='ltr'><strong>so.</strong></span> <span class='ocrx_word' id='word_1_138' title='bbox 756 2263 986 2330; x_wconf 86' lang='lat' dir='ltr'><strong>intercalatum</strong></span> <span class='ocrx_word' id='word_1_139' title='bbox 1001 2264 1115 2346; x_wconf 86' lang='lat' dir='ltr'><strong>fuisse,</strong></span> <span class='ocrx_word' id='word_1_140' title='bbox 1131 2264 1173 2329; x_wconf 89' lang='lat' dir='ltr'><strong>de</strong></span> <span class='ocrx_word' id='word_1_141' title='bbox 1186 2263 1381 2329; x_wconf 82' lang='lat' dir='ltr'><strong>decemviris</strong></span> <span class='ocrx_word' id='word_1_142' title='bbox 1398 2261 1515 2329; x_wconf 87' lang='lat' dir='ltr'><strong>dicere</strong></span> 
     </span>
     <span class='ocr_line' id='line_1_19' title="bbox 360 2374 543 2455; baseline 0.005 -25"><span class='ocrx_word' id='word_1_143' title='bbox 360 2374 462 2431; x_wconf 73' lang='lat' dir='ltr'><strong>ratim</strong></span> <span class='ocrx_word' id='word_1_144' title='bbox 538 2447 543 2455; x_wconf 22' lang='lat' dir='ltr'>x</span> 
     </span>
     <span class='ocr_line' id='line_1_20' title="bbox 444 2467 1512 2555; baseline -0.001 -22"><span class='ocrx_word' id='word_1_145' title='bbox 444 2467 569 2535; x_wconf 86' lang='lat' dir='ltr'><strong>Verum</strong></span> <span class='ocrx_word' id='word_1_146' title='bbox 589 2467 655 2555; x_wconf 90' lang='lat' dir='ltr'><strong>ipsi</strong></span> <span class='ocrx_word' id='word_1_147' title='bbox 670 2468 749 2534; x_wconf 85' lang='lat' dir='ltr'><strong>fasti</strong></span> <span class='ocrx_word' id='word_1_148' title='bbox 772 2468 885 2554; x_wconf 90' lang='lat' dir='ltr'><strong>quales</strong></span> <span class='ocrx_word' id='word_1_149' title='bbox 906 2469 941 2533; x_wconf 93' lang='lat' dir='ltr'><strong>in</strong></span> <span class='ocrx_word' id='word_1_150' title='bbox 961 2467 1034 2555; x_wconf 84' lang='lat' dir='ltr'><strong>lege</strong></span> <span class='ocrx_word' id='word_1_151' title='bbox 1054 2468 1230 2555; x_wconf 80' lang='lat' dir='ltr'>perscripti</span> <span class='ocrx_word' id='word_1_152' title='bbox 1245 2477 1354 2549; x_wconf 85' lang='lat' dir='ltr'><strong>erant,</strong></span> <span class='ocrx_word' id='word_1_153' title='bbox 1374 2467 1446 2533; x_wconf 88' lang='lat' dir='ltr'><strong>fere</strong></span> <span class='ocrx_word' id='word_1_154' title='bbox 1460 2467 1512 2532; x_wconf 90' lang='lat' dir='ltr'><strong>in·</strong></span> 
     </span>
     <span class='ocr_line' id='line_1_21' title="bbox 359 2567 1510 2656; baseline -0.003 -20"><span class='ocrx_word' id='word_1_155' title='bbox 359 2570 443 2655; x_wconf 86' lang='lat' dir='ltr'><strong>tegri</strong></span> <span class='ocrx_word' id='word_1_156' title='bbox 458 2570 502 2635; x_wconf 87' lang='lat' dir='ltr'><strong>ad</strong></span> <span class='ocrx_word' id='word_1_157' title='bbox 515 2579 663 2636; x_wconf 88' lang='lat' dir='ltr'><strong>nostram</strong></span> <span class='ocrx_word' id='word_1_158' title='bbox 677 2579 821 2636; x_wconf 85' lang='lat' dir='ltr'><strong>aetatem</strong></span> <span class='ocrx_word' id='word_1_159' title='bbox 835 2578 1067 2656; x_wconf 86' lang='lat' dir='ltr'><strong>pervenerunt.</strong></span> <span class='ocrx_word' id='word_1_160' title='bbox 1083 2570 1244 2635; x_wconf 86' lang='lat' dir='ltr'><strong>Nimirum</strong></span> <span class='ocrx_word' id='word_1_161' title='bbox 1258 2570 1294 2633; x_wconf 93' lang='lat' dir='ltr'><strong>in</strong></span> <span class='ocrx_word' id='word_1_162' title='bbox 1308 2567 1510 2634; x_wconf 77' lang='lat' dir='ltr'><strong>calendariis</strong></span> 
     </span>
     <span class='ocr_line' id='line_1_22' title="bbox 360 2670 1508 2759; baseline -0.002 -22"><span class='ocrx_word' id='word_1_163' title='bbox 360 2693 444 2759; x_wconf 89' lang='lat' dir='ltr'><strong>quac</strong></span> <span class='ocrx_word' id='word_1_164' title='bbox 458 2672 560 2757; x_wconf 86' lang='lat' dir='ltr'><strong>vulgo</strong></span> <span class='ocrx_word' id='word_1_165' title='bbox 582 2671 737 2736; x_wconf 86' lang='lat' dir='ltr'><strong>dicuntur</strong></span> <span class='ocrx_word' id='word_1_166' title='bbox 758 2670 898 2758; x_wconf 80' lang='lat' dir='ltr'><strong>lapideis</strong></span> <span class='ocrx_word' id='word_1_167' title='bbox 914 2671 1066 2738; x_wconf 77' lang='lat' dir='ltr'><strong>Caesaris</strong></span> <span class='ocrx_word' id='word_1_168' title='bbox 1087 2681 1121 2737; x_wconf 89' lang='lat' dir='ltr'><strong>et</strong></span> <span class='ocrx_word' id='word_1_169' title='bbox 1135 2672 1281 2757; x_wconf 81' lang='lat' dir='ltr'><strong>Augusti</strong></span> <span class='ocrx_word' id='word_1_170' title='bbox 1301 2678 1411 2737; x_wconf 85' lang='lat' dir='ltr'><strong>aetate</strong></span> <span class='ocrx_word' id='word_1_171' title='bbox 1430 2692 1508 2736; x_wconf 91' lang='lat' dir='ltr'><strong>con·</strong></span> 
     </span>
     <span class='ocr_line' id='line_1_23' title="bbox 359 2773 1507 2859; baseline -0.001 -22"><span class='ocrx_word' id='word_1_172' title='bbox 359 2773 456 2839; x_wconf 84' lang='lat' dir='ltr'><strong>fectis</strong></span> <span class='ocrx_word' id='word_1_173' title='bbox 473 2794 609 2859; x_wconf 89' lang='lat' dir='ltr'><strong>eaquae</strong></span> <span class='ocrx_word' id='word_1_174' title='bbox 625 2782 814 2839; x_wconf 78' lang='lat' dir='ltr'><strong>constanter</strong></span> <span class='ocrx_word' id='word_1_175' title='bbox 829 2775 1010 2841; x_wconf 90' lang='lat' dir='ltr'><strong>maioribus</strong></span> <span class='ocrx_word' id='word_1_176' title='bbox 1031 2773 1150 2840; x_wconf 89' lang='lat' dir='ltr'><strong>litteris</strong></span> <span class='ocrx_word' id='word_1_177' title='bbox 1165 2782 1359 2857; x_wconf 86' lang='lat' dir='ltr'><strong>exarantur,</strong></span> <span class='ocrx_word' id='word_1_178' title='bbox 1382 2773 1412 2838; x_wconf 85' lang='lat' dir='ltr'><strong>si</strong></span> <span class='ocrx_word' id='word_1_179' title='bbox 1426 2793 1507 2859; x_wconf 86' lang='lat' dir='ltr'><strong>pau-</strong></span> 
     </span>
     <span class='ocr_line' id='line_1_24' title="bbox 360 2874 1506 2963; baseline -0.001 -23"><span class='ocrx_word' id='word_1_180' title='bbox 360 2874 493 2941; x_wconf 85' lang='lat' dir='ltr'><strong>cissima</strong></span> <span class='ocrx_word' id='word_1_181' title='bbox 508 2874 677 2961; x_wconf 86' lang='lat' dir='ltr'><strong>exceperis</strong></span> <span class='ocrx_word' id='word_1_182' title='bbox 694 2896 777 2961; x_wconf 86' lang='lat' dir='ltr'><strong>quae</strong></span> <span class='ocrx_word' id='word_1_183' title='bbox 792 2876 835 2941; x_wconf 89' lang='lat' dir='ltr'><strong>ab</strong></span> <span class='ocrx_word' id='word_1_184' title='bbox 850 2874 916 2940; x_wconf 92' lang='lat' dir='ltr'><strong>illis</strong></span> <span class='ocrx_word' id='word_1_185' title='bbox 937 2876 1191 2963; x_wconf 84' lang='lat' dir='ltr'><strong>imperatoribus</strong></span> <span class='ocrx_word' id='word_1_186' title='bbox 1205 2884 1331 2941; x_wconf 85' lang='lat' dir='ltr'><strong>novata</strong></span> <span class='ocrx_word' id='word_1_187' title='bbox 1343 2897 1416 2940; x_wconf 90' lang='lat' dir='ltr'><strong>esse</strong></span> <span class='ocrx_word' id='word_1_188' title='bbox 1430 2897 1506 2941; x_wconf 89' lang='lat' dir='ltr'><strong>oon-</strong></span> 
     </span>
     <span class='ocr_line' id='line_1_25' title="bbox 360 2976 1505 3065; baseline -0.002 -22"><span class='ocrx_word' id='word_1_189' title='bbox 360 2986 427 3043; x_wconf 88' lang='lat' dir='ltr'><strong>stat</strong></span> <span class='ocrx_word' id='word_1_190' title='bbox 441 3014 483 3026; x_wconf 81' lang='lat'><strong>—-</strong></span> <span class='ocrx_word' id='word_1_191' title='bbox 498 2977 674 3061; x_wconf 88' lang='lat' dir='ltr'><strong>pristinum</strong></span> <span class='ocrx_word' id='word_1_192' title='bbox 689 2998 810 3042; x_wconf 88' lang='lat' dir='ltr'><strong>annum</strong></span> <span class='ocrx_word' id='word_1_193' title='bbox 825 2976 961 3043; x_wconf 86' lang='lat' dir='ltr'><strong>aNuma</strong></span> <span class='ocrx_word' id='word_1_194' title='bbox 975 2987 1074 3065; x_wconf 89' lang='lat' dir='ltr'><strong>atque</strong></span> <span class='ocrx_word' id='word_1_195' title='bbox 1089 2978 1283 3043; x_wconf 86' lang='lat' dir='ltr'><strong>decemviris</strong></span> <span class='ocrx_word' id='word_1_196' title='bbox 1294 2978 1505 3044; x_wconf 85' lang='lat' dir='ltr'><strong>constitutum</strong></span> 
     </span>
     <span class='ocr_line' id='line_1_26' title="bbox 360 3076 1501 3167; baseline 0 -24"><span class='ocrx_word' id='word_1_197' title='bbox 360 3087 394 3143; x_wconf 90' lang='lat' dir='ltr'><strong>et</strong></span> <span class='ocrx_word' id='word_1_198' title='bbox 406 3078 568 3143; x_wconf 83' lang='lat' dir='ltr'><strong>intactum</strong></span> <span class='ocrx_word' id='word_1_199' title='bbox 582 3099 642 3165; x_wconf 88' lang='lat' dir='ltr'><strong>per</strong></span> <span class='ocrx_word' id='word_1_200' title='bbox 656 3076 779 3145; x_wconf 79' lang='lat' dir='ltr'><strong>liberae</strong></span> <span class='ocrx_word' id='word_1_201' title='bbox 798 3078 998 3166; x_wconf 88' lang='lat' dir='ltr'><strong>reipublicae</strong></span> <span class='ocrx_word' id='word_1_202' title='bbox 1017 3090 1168 3167; x_wconf 86' lang='lat' dir='ltr'><strong>tempora</strong></span> <span class='ocrx_word' id='word_1_203' title='bbox 1187 3088 1355 3147; x_wconf 84' lang='lat' dir='ltr'><strong>servatum</strong></span> <span class='ocrx_word' id='word_1_204' title='bbox 1374 3098 1501 3166; x_wconf 85' lang='lat' dir='ltr'><strong>reprae-</strong></span> 
     </span>
     <span class='ocr_line' id='line_1_27' title="bbox 360 3178 1502 3268; baseline 0.001 -25"><span class='ocrx_word' id='word_1_205' title='bbox 360 3188 489 3244; x_wconf 85' lang='lat' dir='ltr'><strong>sentare</strong></span> <span class='ocrx_word' id='word_1_206' title='bbox 518 3178 691 3245; x_wconf 86' lang='lat' dir='ltr'><strong>verissima</strong></span> <span class='ocrx_word' id='word_1_207' title='bbox 722 3181 973 3248; x_wconf 81' lang='lat' dir='ltr'><strong>ratiocinatione</strong></span> <span class='ocrx_word' id='word_1_208' title='bbox 997 3182 1223 3248; x_wconf 91' lang='lat' dir='ltr'><strong>Mommsenus</strong></span> <span class='ocrx_word' id='word_1_209' title='bbox 1251 3182 1380 3246; x_wconf 89' lang='lat' dir='ltr'><strong>invenit</strong></span> <span class='ocrx_word' id='word_1_210' title='bbox 1405 3179 1502 3268; x_wconf 82' lang='lat' dir='ltr'><strong>Corp.</strong></span> 
     </span>
     <span class='ocr_line' id='line_1_28' title="bbox 359 3280 1500 3371; baseline 0.002 -25"><span class='ocrx_word' id='word_1_211' title='bbox 359 3280 464 3347; x_wconf 87' lang='lat' dir='ltr'><strong>Inscr.</strong></span> <span class='ocrx_word' id='word_1_212' title='bbox 478 3280 552 3347; x_wconf 90' lang='lat' dir='ltr'><strong>Lat.</strong></span> <span class='ocrx_word' id='word_1_213' title='bbox 567 3302 600 3367; x_wconf 91' lang='lat' dir='ltr'><strong>p.</strong></span> <span class='ocrx_word' id='word_1_214' title='bbox 615 3281 677 3347; x_wconf 90' lang='grc'><strong>361</strong></span> <span class='ocrx_word' id='word_1_215' title='bbox 695 3305 781 3370; x_wconf 91' lang='lat' dir='ltr'><strong>sqq.:</strong></span> <span class='ocrx_word' id='word_1_216' title='bbox 799 3284 852 3348; x_wconf 89' lang='lat' dir='ltr'><strong>cui</strong></span> <span class='ocrx_word' id='word_1_217' title='bbox 866 3284 915 3348; x_wconf 90' lang='lat' dir='ltr'><strong>rei</strong></span> <span class='ocrx_word' id='word_1_218' title='bbox 929 3292 1061 3370; x_wconf 88' lang='lat' dir='ltr'><strong>praeter</strong></span> <span class='ocrx_word' id='word_1_219' title='bbox 1074 3284 1182 3371; x_wconf 90' lang='lat' dir='ltr'><strong>ipsam</strong></span> <span class='ocrx_word' id='word_1_220' title='bbox 1197 3283 1385 3349; x_wconf 89' lang='lat' dir='ltr'><strong>tabularum</strong></span> <span class='ocrx_word' id='word_1_221' title='bbox 1403 3284 1438 3349; x_wconf 91' lang='lat' dir='ltr'><strong>in</strong></span> <span class='ocrx_word' id='word_1_222' title='bbox 1451 3284 1500 3350; x_wconf 92' lang='lat' dir='ltr'><strong>his</strong></span> 
     </span>
     <span class='ocr_line' id='line_1_29' title="bbox 360 3381 1498 3473; baseline 0.004 -26"><span class='ocrx_word' id='word_1_223' title='bbox 360 3382 629 3470; x_wconf 84' lang='lat' dir='ltr'><strong>aequabilitatem</strong></span> <span class='ocrx_word' id='word_1_224' title='bbox 645 3394 678 3450; x_wconf 89' lang='lat' dir='ltr'><strong>ct</strong></span> <span class='ocrx_word' id='word_1_225' title='bbox 692 3405 752 3471; x_wconf 88' lang='lat' dir='ltr'><strong>par</strong></span> <span class='ocrx_word' id='word_1_226' title='bbox 767 3384 894 3451; x_wconf 89' lang='lat' dir='ltr'><strong>dierum</strong></span> <span class='ocrx_word' id='word_1_227' title='bbox 909 3384 1070 3451; x_wconf 87' lang='lat' dir='ltr'><strong>festorum</strong></span> <span class='ocrx_word' id='word_1_228' title='bbox 1083 3381 1372 3473; x_wconf 84' lang='lat' dir='ltr'><strong>nundinorumque</strong></span> <span class='ocrx_word' id='word_1_229' title='bbox 1392 3408 1498 3451; x_wconf 76' lang='lat' dir='ltr'><strong>nume</strong></span> 
     </span>
     <span class='ocr_line' id='line_1_30' title="bbox 359 3485 1575 3576; baseline 0.002 -25"><span class='ocrx_word' id='word_1_230' title='bbox 359 3507 415 3551; x_wconf 87' lang='lat' dir='ltr'><strong>rus</strong></span> <span class='ocrx_word' id='word_1_231' title='bbox 431 3494 464 3551; x_wconf 89' lang='lat' dir='ltr'><strong>ot</strong></span> <span class='ocrx_word' id='word_1_232' title='bbox 479 3485 685 3573; x_wconf 87' lang='lat' dir='ltr'><strong>antiquitatis</strong></span> <span class='ocrx_word' id='word_1_233' title='bbox 701 3486 845 3572; x_wconf 85' lang='lat' dir='ltr'><strong>vestigia</strong></span> <span class='ocrx_word' id='word_1_234' title='bbox 867 3486 902 3550; x_wconf 91' lang='lat' dir='ltr'><strong>in</strong></span> <span class='ocrx_word' id='word_1_235' title='bbox 917 3486 1083 3554; x_wconf 88' lang='lat' dir='ltr'><strong>scribendi</strong></span> <span class='ocrx_word' id='word_1_236' title='bbox 1097 3510 1215 3573; x_wconf 86' lang='lat' dir='ltr'><strong>genere</strong></span> <span class='ocrx_word' id='word_1_237' title='bbox 1224 3488 1249 3576; x_wconf 85' lang='lat'><strong>¹)</strong></span> <span class='ocrx_word' id='word_1_238' title='bbox 1265 3488 1500 3575; x_wconf 88' lang='lat' dir='ltr'><strong>verborumque</strong></span> <span class='ocrx_word' id='word_1_239' title='bbox 1570 3495 1575 3503; x_wconf 82' lang='lat'>&#39;</span> 
     </span>
     <span class='ocr_line' id='line_1_31' title="bbox 359 3586 1498 3676; baseline 0.002 -25"><span class='ocrx_word' id='word_1_240' title='bbox 359 3586 555 3653; x_wconf 82' lang='lat' dir='ltr'><strong>formatione</strong></span> <span class='ocrx_word' id='word_1_241' title='bbox 571 3587 748 3675; x_wconf 89' lang='lat' dir='ltr'><strong>conspicua</strong></span> <span class='ocrx_word' id='word_1_242' title='bbox 763 3598 838 3675; x_wconf 89' lang='lat' dir='ltr'><strong>apte</strong></span> <span class='ocrx_word' id='word_1_243' title='bbox 854 3590 1064 3655; x_wconf 88' lang='lat' dir='ltr'><strong>conveniunt.</strong></span> <span class='ocrx_word' id='word_1_244' title='bbox 1094 3590 1165 3655; x_wconf 90' lang='lat' dir='ltr'><strong>Hos</strong></span> <span class='ocrx_word' id='word_1_245' title='bbox 1180 3590 1284 3675; x_wconf 82' lang='lat' dir='ltr'><strong>igitur</strong></span> <span class='ocrx_word' id='word_1_246' title='bbox 1297 3590 1420 3673; x_wconf 87' lang='lat' dir='ltr'><strong>fastos,</strong></span> <span class='ocrx_word' id='word_1_247' title='bbox 1434 3590 1498 3676; x_wconf 89' lang='lat' dir='ltr'><strong>qni·</strong></span> 
     </span>
     <span class='ocr_line' id='line_1_32' title="bbox 361 3688 1496 3769; baseline 0.003 -15"><span class='ocrx_word' id='word_1_248' title='bbox 361 3688 422 3754; x_wconf 90' lang='lat' dir='ltr'><strong>bus</strong></span> <span class='ocrx_word' id='word_1_249' title='bbox 437 3689 509 3753; x_wconf 89' lang='lat' dir='ltr'><strong>iure</strong></span> <span class='ocrx_word' id='word_1_250' title='bbox 523 3699 634 3754; x_wconf 86' lang='lat' dir='ltr'><strong>monet</strong></span> <span class='ocrx_word' id='word_1_251' title='bbox 648 3688 819 3769; x_wconf 78' lang='lat' dir='ltr'><strong>nihilesse</strong></span> <span class='ocrx_word' id='word_1_252' title='bbox 838 3691 874 3754; x_wconf 94' lang='lat' dir='ltr'><strong>in</strong></span> <span class='ocrx_word' id='word_1_253' title='bbox 893 3692 1049 3758; x_wconf 85' lang='lat' dir='ltr'><strong>universa</strong></span> <span class='ocrx_word' id='word_1_254' title='bbox 1068 3714 1178 3757; x_wconf 89' lang='lat' dir='ltr'><strong>rerum</strong></span> <span class='ocrx_word' id='word_1_255' title='bbox 1192 3692 1416 3758; x_wconf 89' lang='lat' dir='ltr'><strong>Romanarum</strong></span> <span class='ocrx_word' id='word_1_256' title='bbox 1436 3714 1496 3757; x_wconf 80' lang='lat' dir='ltr'><strong>me</strong></span> 
     </span>
     <span class='ocr_line' id='line_1_33' title="bbox 358 3790 1497 3881; baseline 0.003 -26"><span class='ocrx_word' id='word_1_257' title='bbox 358 3790 464 3855; x_wconf 89' lang='lat' dir='ltr'><strong>moria</strong></span> <span class='ocrx_word' id='word_1_258' title='bbox 479 3799 645 3857; x_wconf 87' lang='lat' dir='ltr'><strong>vetustate</strong></span> <span class='ocrx_word' id='word_1_259' title='bbox 660 3791 839 3877; x_wconf 87' lang='lat' dir='ltr'><strong>insignius,</strong></span> <span class='ocrx_word' id='word_1_260' title='bbox 861 3815 905 3858; x_wconf 83' lang='lat' dir='ltr'><strong>ex</strong></span> <span class='ocrx_word' id='word_1_261' title='bbox 924 3791 1063 3881; x_wconf 85' lang='lat' dir='ltr'><strong>lapideis</strong></span> <span class='ocrx_word' id='word_1_262' title='bbox 1084 3792 1344 3880; x_wconf 82' lang='lat' dir='ltr'><strong>exemplaribus,</strong></span> <span class='ocrx_word' id='word_1_263' title='bbox 1360 3795 1497 3859; x_wconf 83' lang='lat' dir='ltr'><strong>maxime</strong></span> 
     </span>
     <span class='ocr_line' id='line_1_34' title="bbox 358 3890 1497 3983; baseline 0.005 -28"><span class='ocrx_word' id='word_1_264' title='bbox 358 3890 551 3975; x_wconf 79' lang='lat' dir='ltr'><strong>Malloiano,</strong></span> <span class='ocrx_word' id='word_1_265' title='bbox 569 3892 752 3980; x_wconf 89' lang='lat' dir='ltr'><strong>descriptos</strong></span> <span class='ocrx_word' id='word_1_266' title='bbox 773 3902 806 3958; x_wconf 88' lang='lat' dir='ltr'><strong>et</strong></span> <span class='ocrx_word' id='word_1_267' title='bbox 824 3894 867 3959; x_wconf 91' lang='lat' dir='ltr'><strong>ad</strong></span> <span class='ocrx_word' id='word_1_268' title='bbox 881 3916 1031 3960; x_wconf 89' lang='lat' dir='ltr'><strong>normam</strong></span> <span class='ocrx_word' id='word_1_269' title='bbox 1051 3918 1072 3960; x_wconf 87' lang='lat' dir='ltr'><strong>a</strong></span> <span class='ocrx_word' id='word_1_270' title='bbox 1085 3895 1288 3961; x_wconf 90' lang='lat' dir='ltr'><strong>Mommseno</strong></span> <span class='ocrx_word' id='word_1_271' title='bbox 1302 3898 1497 3983; x_wconf 85' lang='lat' dir='ltr'><strong>propositam</strong></span> 
     </span>
     <span class='ocr_line' id='line_1_35' title="bbox 359 3993 1495 4082; baseline 0.003 -24"><span class='ocrx_word' id='word_1_272' title='bbox 359 3993 462 4081; x_wconf 70' lang='lat' dir='ltr'><strong>paea</strong></span> <span class='ocrx_word' id='word_1_273' title='bbox 473 4016 545 4081; x_wconf 89' lang='lat' dir='ltr'><strong>sqq.</strong></span> <span class='ocrx_word' id='word_1_274' title='bbox 561 3994 821 4061; x_wconf 87' lang='lat' dir='ltr'><strong>accommodatos</strong></span> <span class='ocrx_word' id='word_1_275' title='bbox 837 4034 879 4042; x_wconf 96' lang='lat'><strong>—</strong></span> <span class='ocrx_word' id='word_1_276' title='bbox 894 4017 915 4060; x_wconf 91' lang='lat' dir='ltr'><strong>a</strong></span> <span class='ocrx_word' id='word_1_277' title='bbox 930 4019 993 4082; x_wconf 92' lang='lat' dir='ltr'><strong>quo</strong></span> <span class='ocrx_word' id='word_1_278' title='bbox 1005 3998 1175 4063; x_wconf 89' lang='lat' dir='ltr'><strong>discedere</strong></span> <span class='ocrx_word' id='word_1_279' title='bbox 1189 3997 1283 4063; x_wconf 86' lang='lat' dir='ltr'><strong>nefas</strong></span> <span class='ocrx_word' id='word_1_280' title='bbox 1298 3997 1400 4063; x_wconf 85' lang='lat' dir='ltr'><strong>fuerit</strong></span> <span class='ocrx_word' id='word_1_281' title='bbox 1412 3997 1495 4061; x_wconf 87' lang='lat' dir='ltr'><strong>-in</strong></span> 
     </span>
     <span class='ocr_line' id='line_1_36' title="bbox 361 4094 849 4163; baseline 0 -2"><span class='ocrx_word' id='word_1_282' title='bbox 361 4094 538 4162; x_wconf 84' lang='lat' dir='ltr'><strong>undecima</strong></span> <span class='ocrx_word' id='word_1_283' title='bbox 552 4095 666 4163; x_wconf 86' lang='lat' dir='ltr'><strong>tabula</strong></span> <span class='ocrx_word' id='word_1_284' title='bbox 680 4095 849 4163; x_wconf 87' lang='lat' dir='ltr'><strong>collocavi.</strong></span> 
     </span>
    </p>
   </div>
   <div class='ocr_carea' id='block_1_4' title="bbox 282 4356 1493 4595">
    <p class='ocr_par' dir='ltr' id='par_1_4' title="bbox 282 4356 1493 4595">
     <span class='ocr_line' id='line_1_37' title="bbox 282 4356 1493 4433; baseline -0.001 -22"><span class='ocrx_word' id='word_1_285' title='bbox 282 4426 285 4433; x_wconf 33' lang='grc' dir='ltr'>Ι</span> <span class='ocrx_word' id='word_1_286' title='bbox 427 4356 448 4421; x_wconf 86' lang='lat'><strong>¹)</strong></span> <span class='ocrx_word' id='word_1_287' title='bbox 467 4358 503 4409; x_wconf 83' lang='lat' dir='ltr'><strong>cs.</strong></span> <span class='ocrx_word' id='word_1_288' title='bbox 523 4360 605 4408; x_wconf 83' lang='lat' dir='ltr'><strong>notas</strong></span> <span class='ocrx_word' id='word_1_289' title='bbox 616 4356 667 4407; x_wconf 82' lang='lat' dir='ltr'><strong>EN</strong></span> <span class='ocrx_word' id='word_1_290' title='bbox 683 4373 718 4400; x_wconf 89' lang='lat'><strong><em>=</em></strong></span> <span class='ocrx_word' id='word_1_291' title='bbox 736 4356 941 4422; x_wconf 71' lang='lat' dir='ltr'><strong>enumeremus,</strong></span> <span class='ocrx_word' id='word_1_292' title='bbox 955 4360 1031 4413; x_wconf 63' lang='grc' dir='ltr'><strong>λοπ-</strong></span> <span class='ocrx_word' id='word_1_293' title='bbox 1042 4360 1184 4412; x_wconf 81' lang='lat' dir='ltr'><strong>nefastus:</strong></span> <span class='ocrx_word' id='word_1_294' title='bbox 1203 4376 1259 4426; x_wconf 87' lang='lat' dir='ltr'><strong>qna</strong></span> <span class='ocrx_word' id='word_1_295' title='bbox 1270 4363 1300 4413; x_wconf 85' lang='lat' dir='ltr'><strong>in</strong></span> <span class='ocrx_word' id='word_1_296' title='bbox 1311 4364 1379 4413; x_wconf 81' lang='lat' dir='ltr'><strong>nota</strong></span> <span class='ocrx_word' id='word_1_297' title='bbox 1390 4360 1493 4411; x_wconf 79' lang='lat' dir='ltr'><strong>Moum-</strong></span> 
     </span>
     <span class='ocr_line' id='line_1_38' title="bbox 360 4439 1492 4511; baseline 0.003 -18"><span class='ocrx_word' id='word_1_298' title='bbox 360 4454 443 4493; x_wconf 83' lang='lat' dir='ltr'><strong>scnus</strong></span> <span class='ocrx_word' id='word_1_299' title='bbox 460 4459 487 4509; x_wconf 91' lang='lat' dir='ltr'><strong>p.</strong></span> <span class='ocrx_word' id='word_1_300' title='bbox 507 4444 557 4493; x_wconf 81' lang='grc'><strong>367</strong></span> <span class='ocrx_word' id='word_1_301' title='bbox 577 4439 716 4505; x_wconf 82' lang='lat' dir='ltr'><strong>(chronol.</strong></span> <span class='ocrx_word' id='word_1_302' title='bbox 741 4458 768 4509; x_wconf 91' lang='lat' dir='ltr'><strong>p.</strong></span> <span class='ocrx_word' id='word_1_303' title='bbox 787 4444 848 4508; x_wconf 78' lang='lat'>233)</span> <span class='ocrx_word' id='word_1_304' title='bbox 872 4446 1091 4496; x_wconf 85' lang='lat' dir='ltr'><strong>vetustissimum</strong></span> <span class='ocrx_word' id='word_1_305' title='bbox 1114 4450 1223 4511; x_wconf 70' lang='lat' dir='ltr'><strong>signum</strong></span> <span class='ocrx_word' id='word_1_306' title='bbox 1247 4446 1276 4497; x_wconf 75' lang='lat' dir='ltr'>N</span> <span class='ocrx_word' id='word_1_307' title='bbox 1287 4466 1324 4491; x_wconf 86' lang='lat'>=</span> <span class='ocrx_word' id='word_1_308' title='bbox 1340 4446 1365 4497; x_wconf 85' lang='lat' dir='ltr'>N</span> <span class='ocrx_word' id='word_1_309' title='bbox 1387 4446 1492 4511; x_wconf 71' lang='lat' dir='ltr'><strong>agnovit</strong></span> 
     </span>
     <span class='ocr_line' id='line_1_39' title="bbox 359 4526 722 4595; baseline 0.008 -20"><span class='ocrx_word' id='word_1_310' title='bbox 359 4526 450 4577; x_wconf 84' lang='lat' dir='ltr'><strong>simila</strong></span> <span class='ocrx_word' id='word_1_311' title='bbox 468 4530 548 4595; x_wconf 82' lang='lat' dir='ltr'><strong>signo</strong></span> <span class='ocrx_word' id='word_1_312' title='bbox 568 4526 604 4578; x_wconf 62' lang='lat' dir='ltr'><strong>[W</strong></span> <span class='ocrx_word' id='word_1_313' title='bbox 620 4542 668 4595; x_wconf 89' lang='lat' dir='ltr'><strong>pro</strong></span> <span class='ocrx_word' id='word_1_314' title='bbox 687 4527 722 4578; x_wconf 89' lang='lat' dir='ltr'><strong>M.</strong></span> 
     </span>
    </p>
   </div>
   <div class='ocr_carea' id='block_1_5' title="bbox 0 0 1710 5409">
    <p class='ocr_par' dir='ltr' id='par_1_5' title="bbox 0 0 1710 5409">
     <span class='ocr_line' id='line_1_40' title="bbox 0 0 1710 5409; baseline 0 0"><span class='ocrx_word' id='word_1_315' title='bbox 0 0 1710 5409; x_wconf 95' lang='lat' dir='ltr'><strong> </strong></span> 
     </span>
    </p>
   </div>
  </div>
 </body>
</html>
