3409 5409
372 487 414 551 30
686 499 688 504 ·
789 498 902 546 carvr
924 494 1100 585 ssraavu.

372 676 469 741 quam
484 654 606 720 idcirco
622 676 688 719 non
703 676 741 733 eo
756 653 932 740 procedam
947 641 1022 718 cum
1032 651 1195 718 Merkelio
1211 650 1232 716 l.
1246 651 1279 733 l.,
1290 662 1328 716 ut
1338 674 1394 718 eos
1408 673 1535 717 omnes

371 779 437 822 non
452 780 494 822 cx
509 757 611 845 ipsius
627 756 666 821 L.
684 755 790 839 Aelii,
807 755 867 821 sed
880 777 924 820 ex
938 753 1175 841 discipulorum
1190 753 1261 820 eius
1276 756 1425 819 maxime
1442 754 1535 819 Var-
1597 801 1598 836 ÷

370 860 458 925 ronis
481 859 613 946 scriptis
637 858 772 924 haustos
794 856 949 922 aVerrio
969 879 1042 922 esse
1062 866 1221 923 statuam:
1245 856 1301 944 qui
1320 858 1401 921 mire
1428 878 1535 941 argn-
1597 895 1598 950 q

370 970 534 1027 mentatur
554 984 619 1027 non
641 960 790 1026 decuisse
805 959 960 1025 Verrium
979 958 1175 1026 familiarem
1193 960 1398 1046 eandemque
1421 958 1534 1025 hono·

369 1062 499 1127 'rificam
519 1062 783 1151 appellationem.
815 1060 882 1127 Sed
901 1062 1036 1149 propior
1057 1084 1178 1128 caussa
1196 1071 1258 1127 est.
1288 1061 1461 1127 Nimirum
1478 1061 1535 1126 vir

369 1164 614 1231 illustrissimus
637 1166 923 1252 ‘antiquitatisque
937 1166 1104 1231 Romanae
1119 1174 1152 1230 et
1166 1166 1201 1230 in
1215 1165 1358 1230 inventis
1371 1164 1482 1229 rebus
1499 1172 1533 1227 et

370 1269 405 1332 in
414 1268 496 1333 actis
506 1266 764 1354 scriptorumque
773 1277 922 1334 veterum
931 1267 1074 1333 litterate
1082 1268 1219 1353 peritus'
1227 1265 1357 1351 (Cicero
1364 1264 1531 1346 Brutos,

370 1369 460 1452 205),
475 1370 711 1455 grammaticae
724 1369 917 1456 disciplinae
938 1370 1087 1436 eonditor
1112 1379 1147 1434 et
1160 1378 1336 1456 patronus,
1357 1359 1548 1452 Varronis

370 1472 530 1557 magister
543 1494 564 1537 a
574 1471 888 1559 populoeelebratus
902 1494 1014 1537 carere
1025 1472 1368 1561 poterataecuratiore
1379 1471 1532 1535 nominis

371 1573 626 1659 significatione:
650 1576 690 1641 de
711 1574 766 1642 illo
787 1576 957 1661 cogitabat
976 1574 1124 1662 quisquis
1145 1564 1233 1655 ilelii
1252 1594 1371 1638 nomen
1389 1571 1531 1659 praedi·

373 1677 441 1741 cari
456 1674 622 1742 audiebat.
654 1676 778 1743 Contra
793 1676 881 1743 Aelii
897 1676 987 1743 Galli
1002 1686 1036 1742 et
1055 1677 1143 1742 intra
1162 1684 1320 1761 angustos
1342 1674 1424 1739 fines
1450 1694 1528 1739 sese

372 1778 535 1844 continuit
555 1776 706 1844 doctrina
732 1789 766 1845 et
786 1780 830 1844 ad
850 1779 1004 1864 augenda
1030 1777 1217 1866 aequalium
1242 1776 1354 1843 studia
1380 1776 1528 1862 gravius

371 1890 571 1947 momentum
585 1879 711 1945 nullum
725 1881 852 1947 habuit.
869 1882 1051 1963 Quaecum
1066 1881 1114 1947 ita
1128 1881 1205 1963 sint,
1220 1881 1287 1944 iam
1302 1901 1376 1945 cum
1390 1898 1528 1943 summa

372 1981 571 2048 confidentia
585 1984 798 2071 pronuntiare
813 1982 906 2050 licet:
928 1984 1116 2071 ubicunque
1135 1981 1224 2071 apud
1244 1982 1422 2068 scriptores
1436 1981 1527 2044 'sim-

370 2083 448 2171 plex
468 2083 556 2151 Aelii
576 2087 698 2152 mentio
719 2096 827 2171 extet,
850 2108 951 2152 unum
971 2084 1011 2151 L.
1032 2085 1163 2150 Aelium
1183 2084 1341 2151 Stilonem
1360 2081 1525 2167 intellegi.

371 2186 424 2253 De
445 2208 511 2275 qua
529 2210 565 2253 re
585 2198 623 2255 ut
643 2211 739 2255 nemo
759 2188 927 2257 dubitabit
946 2188 1036 2275 apud
1051 2188 1244 2253 Ciceronem
1264 2187 1356 2275 Brut.
1373 2185 1428 2268 46,
1447 2183 1523 2248 169.

372 2287 612 2370 Quintilianum
633 2290 650 2355 I
670 2291 707 2373 6,
728 2292 780 2357 37.
807 2290 999 2357 Suetonium
1020 2289 1061 2354 de
1083 2312 1221 2376 gramm.
1245 2298 1278 2353 et
1297 2288 1380 2353 rhet.
1400 2310 1434 2374 p.
1461 2287 1523 2351 101

370 2390 466 2457 Reiff.
482 2402 514 2457 et
529 2415 561 2480 p.
579 2392 639 2457 138
660 2392 745 2477 (loco
761 2414 781 2458 a
795 2392 1063 2459 Reifferscheidio
1080 2391 1286 2479 emendato),
1302 2390 1455 2456 Servium
1478 2386 1523 2453 ad

371 2492 464 2579 Virg.
482 2493 544 2559 Ge.
561 2492 645 2560 175.
668 2496 832 2561 Isidorum
848 2496 906 2562 Or.
922 2495 957 2560 X
974 2494 1045 2561 159.
1067 2494 1252 2560 Arnobium
1266 2493 1343 2558 adv.
1359 2501 1449 2578 gent.
1467 2488 1523 2556 III

370 2594 427 2661 38:
454 2596 501 2661 ita
521 2605 702 2663 esttamen
727 2598 784 2664 ubi
810 2599 989 2665 etiamnum
1009 2598 1252 2663 controversiae
1277 2596 1421 2662 obnoxia
1446 2614 1522 2658 esse

370 2706 512 2784 putetur.
858 2683 861 2688 ¹

455 2802 565 2887 Atque
575 2801 609 2864 in
620 2800 788 2869 Ciceronis
800 2802 935 2889 Topicis
946 2825 976 2868 c.
987 2802 1019 2885 2,
1031 2803 1071 2867 10
1086 2810 1165 2867 ‘cum
1179 2808 1231 2870 tex
1240 2804 1361 2865 maduo
1371 2804 1520 2864 medicem

370 2906 524 2966 assiduum
538 2922 601 2967 esse
615 2908 722 2977 iubeat,
734 2912 908 2987 locupletem
922 2910 1002 2970 iubet
1012 2912 1168 2985 temptati:
1181 2910 1311 2984 locuples
1320 2909 1399 2967 enim
1410 2915 1456 2967 est
1464 2924 1520 2965 as-

370 3009 488 3083 siduno,
506 3015 539 3071 at
555 3011 599 3069 sit
608 3008 750 3085 Aelius,
766 3014 936 3088 appellatus
957 3012 996 3072 ab
1009 3006 1132 3092 aere,(l.
1147 3008 1228 3089 csse)
1244 3012 1365 3071 dundo'
1381 3005 1423 3070 de
1438 3004 1517 3071 Sex.

371 3106 466 3171 Aelio
480 3107 563 3173 haec
574 3108 737 3197 accipiunt
751 3132 825 3175 cum
841 3108 916 3175 aliis
925 3109 1124 3191 Dirksenus‚
1137 3108 1346 3194 Suringarus,
1361 3105 1518 3184 Orellius,

370 3204 576 3293 Huschkius‚
589 3209 1058 3298 deC.AelioGalloEggerus;
1069 3234 1243 3299 perperam
1254 3207 1517 3299 utrumque,opi-
1536 3277 1541 3290 p

371 3330 441 3375 nor.
458 3310 543 3375 Nam
549 3310 682 3377 Aelium
690 3314 823 3379 Gallum
834 3336 900 3381 non
909 3316 1015 3399 magis
1024 3315 1138 3381 Cicero
1150 3314 1245 3398 novit
1256 3336 1354 3401 quam
1360 3312 1518 3395 Varr03a

369 3412 490 3478 veteris
506 3424 616 3480 autem
628 3415 699 3481 ICti
710 3416 820 3483 indole
835 3416 989 3483 abhorret
1003 3416 1222 3503 etymologica
1233 3417 1325 3482 vocis
1341 3412 1517 3503 explicatio

370 3513 474 3600 qualis
489 3515 582 3581 Aelii
592 3520 800 3603 grammatici
815 3518 947 3585 demum
961 3519 1113 3585 doctrina
1125 3517 1298 3584 informari
1312 3518 1430 3605 potuit.
1458 3517 1518 3581 At-

370 3638 433 3703 que
448 3617 563 3684 eodem
579 3618 730 3686 ducimur
744 3622 821 3687 inde
828 3670 838 3705 ‚
854 3622 944 3709 quod
958 3624 992 3687 in
1003 3620 1098 3688 Pauli
1114 3621 1277 3708 excerptis
1292 3642 1325 3707 p.
1340 3621 1360 3685 9
1374 3643 1407 3685 v,
1423 3617 1516 3684 Assi-

370 3714 455 3783 duus
466 3718 581 3785 eadem
592 3722 755 3789 derivatio
769 3733 1041 3791 commemoratur
1052 3730 1120 3788 ‘ulii
1127 3744 1194 3788 eam
1205 3730 1258 3802 qui
1265 3736 1383 3805 sumptu
1391 3725 1518 3802 proprio

370 3826 532 3904 militabat,
548 3826 586 3887 ab
601 3844 683 3891 usse
698 3830 820 3892 doado
835 3837 969 3893 cosmum
984 3825 1241 3907 existimarunt’¹)
1256 3825 1309 3891 cui
1324 3824 1462 3891 Verrius
1479 3821 1515 3887 ni

370 4114 506 4180 cogitavit
523 4122 552 4169 st
569 4120 635 4171 ante
659 4134 719 4171 eum
736 4133 793 4171 van
811 4118 964 4183 Heredium
977 4121 1037 4186 'qui
1059 4121 1139 4187 peius
1161 4122 1247 4173 etiam
1264 4134 1289 4186 p.
1309 4119 1359 4173 82¹1
1377 4133 1404 4171 r.
1423 4116 1513 4169 Salios

371 4199 521 4253 ‘Critolaus’
538 4206 657 4257 mutavit
674 4206 703 4255 in
721 4204 798 4255 ‘Stilo
816 4206 925 4264 Aelius’‚
945 4207 1027 4271 qnasi
1043 4207 1154 4257 veniam
1171 4204 1235 4257 iude
1252 4211 1365 4266 nactus,
1384 4205 1513 4269 quoniam

370 4288 399 4334 et
416 4285 524 4338 Aelium
549 4294 660 4341 constat
683 4290 807 4342 carmina
829 4288 952 4343 Saliaria
973 4290 1170 4358 explanavime
1192 4296 1222 4343 et
1244 4289 1386 4342 Critolaus
1409 4289 1457 4353 qni
1479 4288 1515 4337 sit

370 4384 536 4435 ignoramus.

439 4471 461 4537 ¹)
478 4474 550 4526 redit
567 4478 652 4529 atisin
670 4476 743 4545 apud
762 4478 925 4531 Ciceronem
943 4480 1053 4546 de'rep.
1066 4480 1149 4543 1122,
1166 4482 1200 4531 40
1217 4479 1277 4530 sine
1296 4475 1420 4530 auctoris
1438 4492 1513 4529 rnen·

371 4556 460 4617 tione,
479 4559 527 4611 ubi
544 4561 640 4617 itidem
658 4562 710 4616 ‘ab
729 4580 787 4616 aare
805 4564 912 4616 dando’
936 4580 997 4617 eum
1015 4565 1129 4617 Osanno
1152 4564 1366 4629 restituendum,
1388 4568 1421 4615 ut
1441 4563 1512 4614 idem
