3409 5409
197 569 204 577 ·
309 549 356 597 ou
379 549 430 597 uu
452 548 664 597 runvusuvu
688 549 866 610 sunrqvus
888 549 1176 599 cousrrrvunnrs.
1273 532 1315 600 75

116 758 119 762 ,
140 701 248 767 atini
270 702 348 767 edit.
364 742 406 751 —
421 700 589 769 Mamilius
612 705 722 789 posuit
739 709 845 769 ‘reiis'
868 704 1039 788 probatum
1063 703 1197 769 Kellero
1218 704 1311 769 Proo.

143 803 231 869 civ.
250 826 282 889 p.
297 802 340 868 29
354 826 386 868 n.
404 804 465 869 108
480 812 537 869 aut
553 805 592 869 Ο.
608 804 787 869 Muellerus
803 809 977 885 ‘possessor'
991 842 1035 857 -·
1047 805 1184 893 nequid
1203 806 1312 871 dicam

143 904 199 970 de
222 903 393 971 Wetzellii
408 904 634 993 supplemento
650 913 689 970 ‘si
702 914 770 971 uelit
783 914 795 970 i
799 928 814 970 s
834 914 900 985 qui
912 914 1025 971 uicit!

254 1006 322 1072 Neo
336 1028 416 1073 vero
432 1006 560 1073 Gellius
576 1008 721 1095 repperit
742 1009 775 1071 in
792 1008 863 1073 XII
885 1007 1006 1075 tabulis
1028 1008 1115 1095 quod
1135 1010 1212 1074 inde
1232 1010 1314 1075 citat

146 1108 238 1173 XX
256 1110 308 1191 10,
323 1109 343 1173 8
360 1116 400 1174 ‘si
412 1116 475 1189 qui
489 1116 519 1175 iu
535 1116 601 1174 iure
614 1130 735 1175 manum
751 1119 921 1175 caurauni
939 1110 1001 1195 (VI
1015 1110 1050 1191 5)
1067 1111 1125 1175 sed
1139 1114 1179 1175 ‘si
1192 1119 1222 1174 in
1238 1119 1257 1175 i.
1273 1132 1313 1176 m.

146 1218 198 1277 c.'
220 1210 268 1275 ef.
285 1210 324 1275 T.
340 1211 408 1277 VII
422 1212 444 1277 5
458 1218 485 1275 si
498 1218 622 1291 iurqunt
635 1212 678 1277 al.
707 1210 794 1276 Nam
809 1234 869 1300 pro
885 1220 931 1277 ‘ri
944 1219 1026 1291 quis’
1041 1212 1130 1299 quod
1149 1214 1185 1277 in
1205 1224 1312 1301 poste-

147 1313 265 1379 rioris
283 1314 400 1379 aetatis
422 1312 549 1399 legibus
566 1322 598 1379 et
612 1314 729 1379 edictis
745 1314 888 1380 maxime
902 1314 1149 1403 frequentatur,
1171 1315 1242 1381 XII
1256 1326 1314 1381 aut

149 1419 224 1479 ‘si’
243 1412 436 1502 simpliciter
451 1425 508 1481 aut
522 1420 606 1495 ‘qui’
623 1415 791 1482 exhibent.
822 1418 916 1498 Quae
936 1440 988 1481 res
1004 1416 1210 1505 aliquantum
1224 1418 1315 1483 valet

151 1517 204 1583 ad
223 1514 385 1581 iudicium
401 1516 527 1583 deloco
543 1517 898 1606 similiteroomparato
914 1518 1158 1586 stabiliendum.
1189 1519 1314 1586 Vereor

150 1618 255 1685 enim
270 1628 307 1683 ut
323 1620 475 1707 cuiquam
487 1620 642 1707 placeant
656 1620 736 1685 haec
752 1643 769 1685 e
782 1618 882 1686 Gellii
897 1622 1086 1687 testimonio
1100 1620 1200 1706 (XVI
1214 1622 1264 1706 10,
1275 1622 1311 1705 5)

151 1722 209 1787 ita
225 1718 330 1807 vulgo
346 1721 527 1787 constituta
542 1726 683 1787 ‘adsiduo
697 1728 807 1787 vindere
820 1726 966 1788 urcisiduus
979 1735 1055 1788 erio:
1073 1730 1239 1803 proletario
1251 1731 1315 1789 aui

152 1830 351 1905 quieverat,
368 1828 570 1888 uindexesio’
588 1824 681 1910 (14).
712 1824 806 1906 Quae
826 1824 909 1890 adeo
930 1825 1131 1891 deteriorum
1151 1824 1313 1891 librorum

154 1924 326 1991 memoria
340 1935 405 1990 est:
426 1948 500 1991 oum
526 1926 722 2013 optimorum
737 1926 832 2011 Regii
852 1936 887 1991 et
901 1926 1057 1991 Vossiani
1078 1926 1212 1993 maioris
1234 1928 1312 1993 scri·

153 2038 266 2117 ptura
279 2028 442 2093 immerito
466 2026 523 2093 diu
538 2027 688 2113 neglecta
702 2034 881 2109 ‘proletario
902 2035 913 2092 i
918 2049 973 2093 um
992 2036 1068 2094 ciui
1085 2036 1137 2094 eui
1154 2036 1220 2109 quis
1239 2037 1315 2094 odet

155 2152 184 2195 v.
201 2138 244 2195 e.’
262 2150 431 2195 necarere
453 2128 586 2217 quidem
607 2130 771 2216 possimus
794 2140 929 2217 propter
951 2128 1033 2195 illud
1054 2130 1143 2218 quod
1164 2133 1314 2219 sequitur

155 2237 262 2313 ‘quid
273 2238 312 2295 sit
325 2238 357 2295 iu
371 2252 408 2295 eu
423 2239 487 2311 ieqe
501 2238 524 2269 “
532 2239 714 2312 proletarius
735 2239 1090 2333 ciuis2’juterpretere’
1106 2232 1248 2319 pessime
1269 2234 1312 2299 ab

157 2333 351 2401 editoribus
366 2344 443 2399 ante
457 2334 632 2399 Hertzium
652 2344 813 2400 mutatum
829 2341 874 2398 ‘si
887 2340 942 2407 uis,
958 2339 1097 2414 interpr?
1117 2335 1161 2399 ef.
1183 2334 1311 2401 Nonius

158 2435 193 2525 p.
215 2436 283 2502 155
296 2438 472 2501 ‘Proletarii
483 2442 561 2501 ciues
575 2440 751 2501 dicebantur
764 2444 817 2515 qui
830 2443 861 2501 iu
879 2441 966 2515 plebe
986 2442 1157 2501 muttum
1173 2436 1249 2522 (leg.
1264 2449 1311 2501 te·
1425 2448 1430 2456 '

159 2538 315 2625 unissime)
337 2546 441 2603 erun?
462 2560 490 2603 e.
507 2562 539 2625 q.
555 2561 579 2602 s.
603 2538 767 2627 descripta
784 2538 823 2602 de
840 2536 941 2605 Gellii
955 2537 1027 2605 loeo
1042 2538 1073 2635 V
1090 2538 1140 2603 10.
1169 2539 1217 2604 At
1237 2559 1311 2603 ron·

159 2652 289 2711 tortum
305 2642 511 2707 enuntiatum
527 2646 595 2706 ‘eui
612 2647 678 2719 quis
694 2647 782 2705 uolet’
805 2640 832 2705 si
847 2641 1057 2727 probaretur,
1073 2640 1194 2706 vitiose
1209 2646 1310 2720 ‘quis’

94 2806 100 2815 .
160 2745 351 2811 efferretur:
368 2743 502 2831 probari
519 2752 627 2808 autem
643 2764 700 2829 per
722 2742 755 2807 id
776 2743 885 2830 ipsum
906 2740 1080 2823 nonlicet,
1103 2742 1257 2829 quoniam
1277 2743 1312 2807 in

88 2864 90 2867 ·
161 2868 200 2912 oo
216 2846 288 2934 qui
303 2844 427 2911 vindex
441 2866 513 2909 esse
528 2845 663 2928 debeat,
679 2866 745 2910 non
765 2845 828 2911 oui
849 2844 968 2910 debeat
981 2883 1025 2893 —
1044 2844 1079 2910 id
1099 2844 1187 2909 enim
1208 2845 1310 2911 abun-

163 2949 223 3015 dat
237 2957 315 3037 post
329 2953 513 3027 ‘wdetuna’
527 2986 570 2997 -
584 2949 651 3011 iam
673 2968 801 3011 summa
821 2947 872 3011 vis
888 2947 997 3033 posita
1011 2956 1071 3011 est.
1101 2946 1310 3013 Probabiliua

163 3051 269 3137 igitur
289 3049 328 3125 O.
351 3046 528 3115 Muellerus
551 3050 586 3113 in
606 3050 692 3115 Mus.
713 3052 762 3113 rh.
784 3050 845 3114 iur.
870 3049 952 3134 Vp.
971 3048 1032 3113 192
1051 3048 1311 3114 Ritterabusium

164 3174 207 3219 ex
222 3161 317 3241 parte
333 3160 464 3217 seeutus
481 3151 650 3217 substituit
661 3156 840 3216 ‘Proletario
854 3156 914 3214 ium
925 3156 1029 3230 quiqui
1041 3156 1142 3215 eiuis':
1158 3150 1255 3218 modo
1270 3174 1311 3216 ne

164 3254 241 3320 huie
263 3275 391 3341 quoque
412 3252 560 3320 obstaret
582 3252 670 3338 quod
691 3252 809 3318 deinde
830 3252 978 3337 iungitur
998 3256 1195 3333 ‘proletarius
1216 3258 1312 3319 eiua!

165 3356 291 3422 Verum
312 3356 492 3443 simplicior
512 3354 698 3420 emendatio
721 3356 754 3419 in
775 3363 930 3441 promptu
951 3365 1013 3420 est.
1043 3354 1206 3421 Nimirum
1226 3360 1311 3421 ‘cui’

168 3459 239 3523 sive
253 3458 359 3523 mavis
375 3466 450 3545 post
464 3461 556 3522 ‘ciui’
576 3455 660 3521 male
680 3479 752 3521 esse
773 3457 951 3545 repetitum
972 3456 1058 3536 sive,
1080 3466 1118 3520 ut
1139 3460 1238 3534 ‘quir'
1253 3456 1309 3522 ha

167 3560 256 3637 beat,
279 3582 344 3646 quo
365 3558 540 3641 referatur,
562 3558 726 3640 additum,
749 3559 925 3625 delendum
946 3568 1011 3623 est:
1033 3570 1071 3622 ut
1089 3557 1308 3645 relinquatur:

169 3667 340 3740 ‘proletario
360 3668 421 3725 ium
441 3668 501 3727 civi
520 3668 603 3741 quis
623 3668 721 3726 volet
740 3668 855 3727 uiuciex
874 3670 956 3727 esto!
987 3660 1137 3746 Namque
1162 3660 1250 3747 quod
1274 3661 1309 3725 in

170 3763 298 3829 serioris
314 3765 433 3831 aetatis
455 3763 582 3849 legibus
603 3763 791 3850 frequenter
811 3788 873 3829 usu
894 3764 985 3828 venit
1005 3769 1074 3842 ‘qui
1091 3769 1182 3836 voiei'
1203 3802 1245 3811 —
1265 3762 1310 3828 ef.

169 3863 249 3931 rab.
261 3864 358 3931 Bant.
377 3866 444 3931 ull
465 3872 549 3930 ‘eum
567 3872 727 3946 pequuium
748 3874 818 3947 quei
835 3875 911 3931 uolet
929 3873 1126 3946 maqisoaua
1146 3872 1311 3945 exsiqito',·

169 3964 237 4032 Lex
249 3967 310 4033 lul.
320 3990 408 4033 mun.
422 3992 455 4033 v.
464 3968 513 4033 19.
526 3969 577 4033 93.
592 3969 663 4033 107.
682 3968 752 4035 125.
770 3969 831 4033 140
846 3976 979 4048 ‘eiusque
991 3974 1140 4049 pecumue
1154 3975 1225 4047 quei
1236 3976 1313 4033 uolet

169 4075 266 4145 petitio
285 4076 372 4144 esto’,
387 4069 459 4135 Lex
473 4068 623 4136 Mamilia
643 4077 865 4151 ‘pecuniaeque
884 4077 939 4149 qui
952 4076 1028 4135 uolet
1045 4076 1147 4148 petitio
1167 4074 1225 4133 bue
1245 4077 1310 4149 ieqe

171 4180 241 4233 esio’
258 4170 330 4235 sim.
351 4172 386 4235 in
406 4174 493 4237 Aere
514 4171 662 4259 Salpens.
686 4182 719 4237 et
739 4170 885 4237 Malaoit.
907 4169 950 4236 al.
970 4170 1068 4235 -id
1090 4171 1200 4257 prisco
1221 4192 1310 4237 more
1430 4240 1436 4253 .

173 4275 243 4348 ‘quis
256 4280 341 4338 uoiei’
358 4274 544 4339 dicebatur:
561 4283 598 4338 ut
613 4282 663 4337 est
677 4274 711 4337 in
729 4272 883 4338 Siliorum
905 4273 945 4337 de
967 4272 1167 4360 ponderibus
1188 4271 1309 4358 plebei·

173 4372 249 4439 seito
265 4396 317 4461 ap.
334 4374 515 4461 Festump.
532 4374 594 4438 246
609 4382 685 4439 ‘eum
701 4396 745 4453 qu
753 4381 765 4438 i
768 4396 782 4438 s
797 4382 899 4439 uolet
911 4382 1104 4454 mopiriruius
1117 4380 1309 4439 mititare...

176 4479 272 4539 tireio?

253 4578 394 4644 Omnino
418 4598 484 4645 non
511 4578 591 4645 satis
617 4577 725 4645 adhuc
748 4578 943 4647 observatus
974 4586 1025 4645 est
1049 4578 1204 4667 antiquus
1230 4600 1309 4645 usus
