3409 5409
295 532 296 537 ’
363 538 411 588 nn
433 536 483 584 xn
505 535 720 585 ranvcsavu
742 536 920 601 nncrqvus
943 524 1188 591 constaremus.
1314 525 1356 589 41

201 717 240 759 e.
257 716 288 781 q.
306 702 346 759 s.’
363 702 396 758 et
410 699 450 757 ‘si
462 694 622 755 membrum
637 698 733 771 rupit,
755 700 794 756 ni
812 714 891 757 cum
912 714 951 757 eo
963 701 1083 773 pacit,
1101 698 1178 759 Delio
1197 706 1257 759 esta
1278 696 1355 780 (16.

199 796 295 862 VIII
310 795 356 879 2).
380 796 489 881 Atque
504 792 667 879 sagaciter
681 792 875 858 Huschkius
891 796 1023 861 ‘Gaius'
1038 819 1070 883 p.
1084 796 1145 860 124
1159 819 1201 861 ex
1215 796 1300 862 VIII
1317 798 1357 862 16

201 905 250 963 ‘si
263 903 373 962 adorat
384 900 470 973 furto
486 896 521 981 (i.
538 918 566 959 e.
583 898 611 960 si
627 896 714 981 agit
729 895 771 959 de
786 896 892 983 furto)
907 902 989 977 quod
1006 920 1062 963 nec
1075 902 1268 975 manifestum
1282 906 1356 963 erit’

199 1001 438 1087 exceptionem
454 999 496 1065 ab
511 997 652 1084 Ulpiano
669 1007 844 1081 statutam,
860 1009 898 1065 ut
912 1021 997 1085 quae
1010 1000 1085 1085 ipsa
1099 1000 1293 1067 condicione
1308 1012 1356 1066 ta·

200 1105 275 1169 cito
291 1100 639 1189 comprehenderetur,
655 1101 798 1188 repetiit.
808 1102 834 1187 ¹)

295 1203 379 1269 Aliis
395 1203 474 1270 locis
491 1200 545 1269 vel
560 1205 665 1289 magis
681 1203 821 1270 fontium
833 1204 915 1269 fides
928 1225 1026 1292 quam
1041 1202 1107 1268 late
1116 1214 1229 1291 pateat
1240 1207 1275 1271 in
1283 1205 1357 1271 red-

200 1305 325 1371 dendis
347 1304 418 1371 XII
439 1306 625 1371 tabularum
645 1306 820 1389 institutis,
849 1305 997 1372 dubitari
1022 1306 1153 1393 poterit.
1191 1307 1245 1373 Ita
1268 1307 1357 1393 quod

199 1406 331 1473 Paulus
347 1408 391 1472 D.
406 1406 459 1489 43,
476 1407 505 1487 8,
521 1407 542 1473 5
558 1406 660 1473 tradit
674 1412 719 1493 ‘si
734 1428 794 1487 per
804 1412 958 1487 publicum
972 1416 1068 1473 iocum
1082 1414 1166 1473 riuus
1186 1429 1285 1489 aquae
1298 1414 1355 1473 du-

198 1522 273 1577 ctus
289 1515 411 1590 priuato
432 1513 559 1583 nocebit,
586 1516 644 1575 erit
667 1516 744 1574 aetio
759 1516 879 1591 priuato
898 1531 939 1575 ex
958 1517 1023 1590 leue
1042 1514 1114 1573 XII
1130 1516 1300 1576 tabularum
1325 1522 1359 1575 ut

94 1694 120 1709 ἱ
198 1632 308 1678 noxae
323 1617 441 1676 dmninc
454 1620 608 1676 caueatur’
624 1634 880 1699 -quamquam
902 1612 944 1677 ad
966 1612 1079 1677 damni
1094 1612 1209 1678 infecti
1229 1614 1353 1679 cautio·

197 1737 281 1781 nem
296 1715 414 1779 referri
434 1736 473 1779 ac
488 1714 706 1800 separandum
722 1736 794 1779 esse
816 1714 859 1780 ab
874 1715 1002 1779 actione
1023 1736 1128 1801 aquae
1148 1712 1283 1801 pluviae
1304 1736 1355 1778 ar-

198 1794 334 1886 cendae,
355 1815 438 1900 (VII
459 1816 512 1901 8),
539 1838 623 1905 quae
645 1815 777 1903 quidem
800 1815 841 1881 de
861 1816 994 1903 publico
1013 1815 1084 1883 loco
1106 1838 1223 1904 parum
1244 1815 1355 1883 valeat

199 1920 266 2007 (cf.
283 1919 327 1982 D.
343 1918 396 2001 39,
412 1919 443 2001 3,
460 1919 480 1983 3
495 1922 515 2001 5
530 1920 560 1983 3.
580 1918 618 1983 18
631 1918 708 2005 pn),
724 1919 890 2005 persuasit
904 1917 1097 1985 Huschkius
1111 1917 1134 1983 l.
1147 1917 1169 1984 l.
1185 1941 1218 2006 p.
1230 1918 1295 1985 210
1306 1940 1354 2006 sq.

203 2060 244 2071 -
264 2020 489 2087 nihilominus
506 2018 620 2085 exilia
640 2020 712 2108 ipsa
728 2020 822 2107 quasi
843 2018 981 2086 dilatata
1001 2011 1200 2086 descendere
1219 2030 1355 2108 putare·

199 2124 268 2189 rim
285 2144 359 2188 cum
374 2120 581 2205 Gothcfredo
596 2120 673 2188 Not.
689 2146 721 2209 p.
740 2123 801 2189 180
815 2132 849 2188 et
863 2122 1031 2189 Dirkseno
1048 2146 1079 2209 p.
1093 2123 1168 2190 489.
1189 2125 1244 2189 De
1258 2123 1355 2189 Insti-

200 2224 368 2291 tutionum
389 2233 499 2289 autem
520 2224 590 2290 loco
610 2225 645 2307 2,
664 2228 697 2305 1,
713 2225 753 2289 41
770 2223 854 2309 (VII
877 2224 931 2309 11)
954 2230 1118 2290 ‘Venditae
1137 2246 1207 2290 uero
1228 2231 1307 2306 (res)
1328 2237 1358 2291 et

200 2331 337 2395 traditae
352 2346 411 2390 nou
426 2332 515 2390 aliter
529 2334 656 2405 emptori
667 2332 868 2404 acquiruntur
882 2347 971 2406 quam
985 2334 1013 2391 si
1026 2336 1052 2392 is
1065 2332 1214 2393 uenditori
1222 2335 1354 2409 pretium

199 2436 327 2497 calamit
345 2436 392 2493 aet
410 2434 472 2493 ulio
497 2432 582 2493 uouo
602 2433 783 2506 satisfecerit
806 2434 897 2492 ueluti
919 2437 1137 2509 expromissore
1157 2442 1212 2495 aut
1227 2436 1356 2510 pipnore

202 2539 286 2598 dato.
327 2536 413 2608 Quod
430 2541 554 2596 cauetur
575 2536 694 2611 quidem
714 2536 803 2594 ettam
826 2538 892 2609 leue
910 2535 984 2596 XII
998 2536 1187 2597 tabularum'
1207 2554 1236 2597 e.
1258 2556 1291 2619 q.
1314 2555 1355 2617 a,

201 2634 396 2701 Dirksenus
417 2654 492 2699 cum
513 2633 643 2701 Ottonis
665 2631 888 2710 dubitationes
911 2633 1024 2719 (Thes.
1039 2629 1094 2699 HI
1108 2634 1213 2721 praef.
1229 2634 1286 2720 21)
1306 2644 1354 2701 to-

201 2748 277 2804 tum
299 2745 528 2821 argumentum
546 2734 652 2800 aXII
672 2734 893 2801 abiudicantis
917 2746 1101 2802 removeret
1107 2785 1121 2819 ,.
1141 2737 1213 2824 ipse
1233 2759 1355 2822 negare

201 2862 271 2905 non
286 2838 394 2925 potuit
409 2838 505 2924 plura
520 2838 627 2903 videri
641 2838 750 2903 inesse
765 2837 830 2923 legi
847 2839 1037 2925 supposita,
1053 2838 1145 2905 velut
1159 2838 1354 2904 traditarum

182 2972 186 2985 ·
203 2963 314 3005 rerum
330 2950 364 3005 et
379 2940 628 3028 expromissoris
651 2942 859 3007 mentionem.
900 2941 999 3023 Quod
1013 2940 1102 3005 idem
1116 2940 1205 3006 hand
1227 2943 1296 3006 scio
1311 2964 1354 3005 an

202 3040 366 3129 Ulpianus
382 3044 583 3109 commiserit
597 3044 640 3108 D.
658 3042 689 3126 9,
708 3046 734 3126 1,
753 3045 769 3107 1
786 3064 835 3129 pr.
853 3043 953 3128 (VIII
967 3044 1003 3128 ὁ)
1020 3046 1069 3107 ‘Si
1080 3050 1256 3125 quadrupes
1264 3064 1352 3125 puu-

199 3151 318 3226 periem
329 3148 440 3223 secisse
454 3150 578 3215 dicetur,
594 3152 672 3210 aetio
686 3167 726 3209 eu
740 3153 805 3223 lepe
820 3149 892 3209 XII
902 3149 1071 3233 tabularum
1086 3151 1255 3211 deseendit:
1276 3166 1355 3226 quae

96 3264 98 3267 ·
204 3253 257 3311 lem
280 3252 370 3311 voluit
388 3259 443 3312 aut
461 3252 534 3311 dari
547 3252 679 3325 ret-quoa
697 3254 809 3319 nocuit,
831 3252 922 3311 idest
943 3253 978 3313 ia
999 3255 1114 3312 animat
1131 3255 1212 3328 quod
1231 3256 1355 3314 noxiam

203 3342 350 3414 commisit
363 3360 417 3414 aut
433 3356 663 3415 aestimationem
677 3356 788 3413 nortae
802 3354 943 3426 offerri’:
960 3351 1051 3415 onius
1068 3351 1211 3436 optionis
1226 3351 1353 3416 nullum

205 3461 257 3516 ost
273 3451 449 3537 vestigium
465 3451 499 3517 in
515 3452 618 3516 altero
634 3451 730 3515 huius
746 3452 912 3537 praecepti
926 3451 1018 3516 fonte
1033 3452 1115 3516 Inst.
1126 3453 1156 3533 4,
1169 3453 1357 3538 9pr.‘quae.

208 3558 355 3617 animalia
374 3560 402 3616 si
420 3573 520 3617 noxae
540 3556 705 3631 dedantur,
725 3559 889 3631 proliciunt
907 3572 960 3615 reo
979 3557 1024 3615 act
1042 3556 1353 3635 liberationemque

204 3662 247 3721 ita
262 3662 313 3719 teu
327 3658 398 3718 XII
409 3659 577 3720 tabularum
591 3661 705 3735 scripta
719 3663 783 3741 est’

188 3747 191 3754 ’
290 3755 360 3823 Nec
381 3758 408 3822 si
430 3757 509 3843 quid
530 3778 573 3822 ex
588 3758 653 3824 Gai
667 3758 700 3822 in
716 3757 787 3823 XII
809 3758 940 3825 tabulas
963 3760 1203 3829 commentariis
1222 3761 1353 3844 citatur,

205 3859 279 3925 ideo
296 3860 408 3925 statim
423 3860 465 3925 ad
480 3858 585 3945 legem
600 3861 822 3927 revocandum
837 3861 915 3928 erit:
939 3866 1027 3951 quod
1041 3871 1151 3930 monet
1166 3862 1240 3950 ipsa
1254 3862 1349 3929 huius

206 3961 484 4047 interpretationis
512 3966 605 4029 ratio.
643 3964 760 4051 itaque
787 3964 827 4030 de
853 3968 964 4032 verbis
991 3990 1032 4032 ex
1056 3967 1153 4032 tertio
1174 3965 1245 4030 eius
1271 3964 1355 4033 libro

206 4062 343 4148 Digne,
359 4064 379 4128 6
395 4064 438 4129 ud
452 4062 514 4151 leg.
532 4066 650 4131 Iuliam
666 4066 707 4131 dc
723 4067 824 4132 adult.
843 4068 918 4134 143
932 4070 1078 4156 repetitis
1096 4075 1136 4132 ‘si
1147 4090 1188 4130 eu
1202 4074 1285 4145 leue
1299 4088 1352 4131 re·
1408 4143 1411 4147 ¹

203 4169 329 4245 podium
344 4172 464 4231 missum
479 4188 538 4231 nam
552 4174 590 4231 sit
602 4180 631 4232 et
645 4174 758 4233 idcirco
772 4177 880 4235 mulier
894 4176 997 4236 adhuc
1017 4185 1189 4251 nupturam
1204 4174 1349 4243 uideatur,
1446 4243 1449 4248 Α

208 4278 303 4332 tumea
317 4273 346 4331 si
358 4274 424 4347 quis
438 4290 504 4333 eam
519 4290 644 4335 uxorem
659 4276 783 4335 duxerit
797 4276 917 4337 adulter
931 4293 989 4336 non
1000 4280 1059 4336 erit
1073 4321 1080 4334 .
1099 4322 1105 4335 .
1123 4320 1131 4336 .
1146 4278 1237 4351 idque
1245 4278 1354 4337 dicen-

231 4472 233 4477 *
275 4508 294 4573 1)
314 4508 417 4562 contra
435 4509 548 4563 sillium
572 4512 619 4576 qur
642 4512 770 4563 similitu
790 4512 904 4564 v111m
927 4513 1069 4563 uanstulit
1087 4514 1123 4563 aa
1141 4514 1179 4564 vr
1197 4516 1228 4579 ι,
1252 4516 1352 4565 merito

211 4592 314 4645 refellit
332 4594 488 4649 Rudorifius
506 4596 536 4647 in
553 4596 652 4650 Anasi.
670 4597 720 4648 iur.
741 4598 839 4652 solent.
858 4598 954 4650 histor.
972 4598 1037 4651 XIV
1054 4600 1104 4650 461
1122 4615 1163 4665 sq.
