3409 5409
316 509 378 573 110
732 524 1044 585 osavrqvnsrvu.

398 677 493 745 Alter
507 677 598 745 locus
619 671 859 754 eetllicerdnis
881 678 922 743 de
943 677 1005 764 leg.
1023 676 1058 743 II
1078 677 1136 760 24,
1153 677 1196 741 60
1220 677 1366 741 nondum
1386 698 1468 763 per·

313 790 465 847 sanatus:
488 781 545 870 qui
563 780 706 847 inlibris
724 781 772 846 ita
787 781 947 847 traditur:
965 787 1027 845 ‘cus'
1040 800 1116 845 auro
1131 784 1234 845 dentes
1253 779 1347 847 sulcu
1362 782 1471 865 (uncti

312 882 355 969 Β)
371 895 469 949 essem
483 898 530 949 ast
544 890 584 947 im
600 882 701 968 (asam
716 882 763 968 A)
777 905 845 949 eum
861 890 912 949 illo
926 890 1152 963 sepelieturetue
1166 903 1198 947 se
1213 882 1318 967 (uuese
1332 881 1373 965 B,
1389 901 1468 945 usse

311 984 360 1069 H)
371 990 489 1063 froude
504 986 633 1070 (frande
647 986 696 1069 H)
711 992 788 1053 isto!
825 988 876 1051 Ac
894 986 1041 1053 Tumebi
1063 984 1322 1052 emendationem
1342 980 1464 1070 pleris-

311 1110 374 1174 que
388 1088 540 1153 omnibus
556 1098 725 1175 acceptam
739 1095 800 1153 ‘ast
813 1094 854 1152 im
868 1109 935 1153 cum
950 1094 1001 1153 illo
1014 1094 1142 1169 sepelire
1156 1108 1283 1153 urereste
1296 1108 1328 1151 se
1338 1088 1465 1163 froude

310 1198 384 1255 esto'
400 1201 489 1256 recte
502 1189 704 1275 improbavit
718 1189 870 1255 Halmius
890 1200 927 1256 ut
942 1190 1079 1256 nimium
1100 1212 1121 1255 a
1139 1188 1290 1255 codicum
1304 1186 1461 1272 vestigiis

311 1291 536 1371 recedentem3
562 1291 622 1357 sed
641 1293 730 1380 quod
749 1294 821 1380 ipse
841 1291 1041 1359 Buechelero
1064 1301 1196 1358 auctore
1220 1290 1312 1357 dedit
1332 1297 1382 1353 ‘ut
1406 1294 1464 1353 cai

310 1414 387 1459 auro
402 1400 506 1460 dentes
519 1400 615 1461 iuncti
627 1408 721 1474 esunt,
737 1408 787 1460 ast
799 1403 840 1460 im
855 1416 921 1461 oum
936 1402 987 1461 illo
1000 1400 1141 1477 sepeliret
1152 1400 1253 1461 ursive
1266 1414 1299 1459 se
1309 1396 1355 1470 sr.
1371 1398 1459 1457 esto’:

307 1517 427 1583 ‚parum
443 1498 596 1565 convenit
610 1496 675 1584 legi
691 1508 724 1564 et
739 1498 921 1565 infinitivus
936 1497 1063 1585 passivi
1079 1519 1153 1563 cum
1168 1495 1356 1562 accusativo
1377 1516 1398 1559 a
1413 1500 1459 1557 ‘se

307 1602 424 1675 fraude
451 1611 524 1665 esto’
553 1611 651 1687 aptus
681 1610 715 1665 et
743 1610 894 1667 contorta
923 1600 1022 1667 totius
1060 1599 1241 1667 sententiae
1277 1606 1456 1663 structura.

311 1701 420 1783 Quam
435 1703 521 1768 enim
536 1701 687 1767 Halmius
703 1701 797 1769 addit
811 1702 1063 1789 explicationem
1080 1700 1127 1787 (in
1143 1700 1351 1767 Fleckeiseni
1364 1701 1454 1767 Ann.

310 1803 330 1867 l.
342 1803 378 1889 l.)
392 1804 589 1890 respondere
602 1804 666 1870 sibi
677 1812 732 1870 ‘ut'
748 1814 781 1870 et
791 1809 861 1871 ‘ast'
874 1806 1062 1892 pariterque
1074 1810 1146 1869 ‘cus'
1159 1813 1191 1869 et
1201 1810 1276 1869 ‘im':
1288 1826 1327 1869 ea
1339 1824 1456 1870 vereor

307 1914 346 1971 ut
359 1906 425 1992 ipsi
439 1906 520 1973 satis
535 1907 712 1993 perspicua
726 1908 780 1973 sit.
816 1906 931 1995 Neque
946 1929 1024 1973 vero
1040 1914 1114 1985 (ια’,
1130 1904 1218 1993 quod
1233 1904 1375 1971 inlibris
1391 1913 1453 1987 est,

308 2008 351 2072 ad
376 2008 459 2092 legis
485 2008 589 2075 verba
615 2008 772 2093 pertinet,
802 2008 862 2074 sed
887 2009 930 2075 ad
951 2010 1162 2077 manifestum
1183 2006 1346 2094 glossema
1366 2004 1453 2095 quod

308 2108 477 2196 praecedit
492 2112 555 2175 ‘lea
567 2117 718 2192 precepit
730 2117 828 2192 alters
841 2118 930 2191 leae?
966 2114 1013 2177 At
1026 2110 1131 2177 lenior
1145 2108 1272 2176 medela
1291 2110 1326 2175 in
1344 2130 1451 2197 prom-

309 2219 369 2297 ptu
383 2219 448 2277 est:
471 2212 597 2279 seilicet
611 2235 681 2283 ,una
701 2211 813 2280 littera
828 2221 873 2279 ‘l'
894 2215 928 2280 in
944 2218 990 2278 ‘i'
1010 2220 1138 2281 mutata
1157 2212 1366 2279 scribendum
1388 2216 1456 2275 ‘cur'

308 2332 386 2377 auro
400 2318 502 2379 dentes
516 2321 611 2381 iuncti
623 2326 741 2391 essetne,
763 2329 821 2381 ost
845 2326 886 2383 im
912 2335 981 2381 cum
1005 2322 1057 2382 illo
1076 2321 1236 2397 sepeliet
1254 2324 1395 2392 aretae,
1415 2314 1453 2375 'se

304 2417 422 2490 froude
436 2422 521 2482 esto?

390 2525 466 2584 ‘ast'
491 2518 593 2605 igitur
613 2520 689 2587 hinc
709 2544 839 2608 quoque
862 2520 1062 2607 conspicitur
1087 2540 1152 2585 non
1172 2526 1232 2585 ‘ut'
1253 2516 1449 2604 significare,

306 2616 365 2685 sed
376 2622 441 2695 ‘si’,
458 2621 529 2687 sive
544 2620 633 2709 quod
646 2623 723 2688 huic
739 2622 913 2689 finitimum
929 2633 980 2689 est
994 2620 1172 2710 temporale
1188 2627 1297 2689 ‘cum'
1322 2619 1398 2701 Qua
1409 2620 1450 2685 de

305 2744 341 2787 re
365 2746 406 2789 ne
432 2723 513 2811 quid
539 2732 641 2791 restet
668 2724 902 2809 dubitationis,
931 2724 1008 2791 licet
1026 2724 1115 2813 ipsos
1131 2730 1259 2790 veteres
1279 2722 1449 2788 antestari.

286 2885 290 2893 .
305 2824 475 2890 Charisius
489 2848 522 2913 p.
537 2826 617 2909 229,
633 2826 676 2891 30
690 2826 732 2891 Κ.
749 2833 814 2891 ‘ast
827 2832 913 2909 apud
926 2836 1037 2893 veteres
1051 2832 1168 2891 vomam
1185 2831 1242 2891 vim
1258 2830 1381 2891 coemtio
1395 2842 1449 2888 oo-

303 2932 387 2993 cibus
401 2948 461 3008 pro
480 2939 587 3007 atque,
607 2948 665 3009 pro
679 2948 731 3005 ac,
748 2948 809 3009 pro
826 2950 911 3009 erpo,
931 2949 989 3011 pro
1008 2934 1076 3004 sed,
1094 2948 1155 3009 pro
1174 2939 1286 3003 tomen,
1302 2946 1364 3009 pro
1378 2936 1447 2999 mm,

299 3050 361 3109 pro
375 3050 469 3107 cum,
493 3040 526 3094 at
544 3036 576 3094 in
596 3036 701 3109 plessis
722 3038 934 3109 antiquitatum
955 3039 1078 3112 zesimus
1097 3038 1262 3113 scriptum!
1291 3030 1366 3095 Hae
1380 3028 1448 3117 qui-

304 3130 378 3196 dem
392 3129 524 3216 glossae
539 3134 769 3219 antiquitatum
783 3157 849 3201 non
865 3134 1017 3200 diversae
1032 3153 1052 3199 a
1066 3133 1354 3219 ‘glossematorum
1370 3131 1447 3196 scri·

302 3234 470 3320 ptoribus’
490 3233 579 3320 apud
599 3234 735 3301 Festum
754 3258 785 3321 p.
804 3236 865 3301 166
884 3260 915 3302 ν.
939 3258 1079 3301 naucum
1101 3236 1209 3302 citatis
1227 3272 1263 3283 -
1281 3234 1323 3300 cf.
1339 3234 1446 3311 Varro

302 3334 353 3399 l.l.
366 3334 435 3402 VII
452 3336 501 3418 10,
516 3336 568 3420 34,
587 3336 646 3402 107
672 3375 703 3385 -
717 3335 808 3403 haud
822 3336 905 3403 levis
921 3360 1000 3404 sane
1015 3338 1219 3405 auctoritatis
1236 3345 1326 3403 sunt:
1344 3358 1362 3401 e
1377 3336 1445 3423 qui-
1491 3360 1496 3370 ·

301 3436 364 3504 bus
380 3448 413 3505 et
427 3436 708 3526 plurimaVorrius
719 3439 858 3507 Flaccus
871 3440 1018 3507 hauserit
1032 3480 1067 3489 -
1089 3450 1126 3506 ut
1137 3460 1329 3527 persuasum
1340 3436 1446 3504 habeo

302 3538 344 3605 dc
364 3542 410 3606 eis
432 3541 639 3628 potissimum
657 3564 740 3629 quae
763 3566 794 3631 p.
817 3543 996 3609 258-261
1018 3540 1195 3609 traduntur
1216 3542 1257 3607 de
1278 3539 1442 3628 ‘quippe',

302 3644 492 3729 ‘quianam'‚
513 3642 604 3729 ‘quid
617 3644 704 3728 nisi’,
726 3644 893 3732 ‘quando',
914 3650 1113 3731 ‘quatenus'‚
1134 3642 1311 3731 ‘quamde’,
1333 3650 1444 3729 ‘quam

301 3751 402 3828 mox',
417 3751 533 3833 ‘ques’,
550 3746 726 3833 ‘quoniam'
749 3756 810 3813 eto.
832 3783 875 3795 —
896 3754 930 3812 et
949 3746 1018 3812 iere
1038 3744 1199 3833 quidquid
1217 3744 1324 3833 bonae
1338 3743 1444 3829 frugis

300 3847 335 3911 in
353 3846 523 3933 glossariis
540 3848 732 3934 posterioris
752 3849 871 3915 aetatis
893 3858 1062 3915 servatum
1076 3856 1142 3930 est,
1157 3845 1372 3934 repetendum
1392 3845 1443 3910 sit.

299 3948 355 4015 Ad
368 3949 428 4016 has
442 3949 543 4037 igitur
556 3949 643 4017 redit
664 3950 763 4018 etiam
777 3949 865 4038 quod
880 3974 922 4016 ex
936 3950 1085 4017 Labbaei
1100 3948 1202 4037 gloss.
1218 3958 1269 4015 est
1283 3954 1352 4013 ‘ast
1372 3948 1442 4013 ἐὰν

299 4054 366 4119 δέ)
402 4052 477 4135 Qua
496 4053 532 4118 in
550 4050 771 4141 explicatione
791 4074 858 4119 non
884 4053 955 4117 sine
974 4074 1092 4119 caussa
1112 4053 1149 4118 δέ
1169 4048 1316 4116 additur:
1347 4048 1441 4115 vides

299 4154 385 4221 enim
399 4164 433 4221 et
446 4155 482 4221 in
496 4153 568 4221 XII
581 4156 702 4223 tabulis
717 4166 750 4223 et
764 4154 798 4221 in
813 4154 905 4239 regia
918 4154 991 4241 lege
1006 4161 1075 4221 ‘ast’
1090 4175 1155 4221 non
1177 4154 1255 4240 poni
1269 4151 1334 4217 nisi
1347 4152 1382 4217 in
1397 4148 1442 4216 al·

298 4266 369 4323 tera
382 4267 477 4345 parte
491 4256 725 4324 condicionalis
741 4256 938 4339 sententiae,
960 4257 1053 4322 euius
1074 4256 1165 4343 prior
1183 4276 1260 4343 pars
1281 4258 1375 4320 a‘st’
1391 4274 1440 4317 or·

299 4356 424 4427 diatur:
441 4370 479 4426 ut
493 4382 622 4448 semper
636 4358 763 4447 aliquid
777 4359 856 4425 novi
871 4358 1011 4425 adferat.
1039 4358 1153 4446 Neque
1168 4379 1248 4425 vero
1263 4357 1298 4419 in
1313 4364 1440 4421 senten·

297 4458 345 4531 tia
358 4461 518 4553 bipartita
531 4462 583 4529 bis
599 4462 682 4529 solet
695 4462 730 4527 in
745 4460 816 4528 XII
830 4462 883 4527 ‘si’
898 4460 1059 4549 usurpari.
1097 4460 1182 4525 Nam
1198 4458 1268 4524 XII
1283 4460 1439 4523 461616-
