3409 5409
365 521 412 567 nu
435 518 486 566 xu
509 518 723 568 rasvnunvu
745 520 923 582 nnnrovns
946 522 1235 574 oonsrrrvnvots.
1313 510 1373 576 103

215 673 340 761 cisalp.
358 675 429 738 sim.
454 674 565 759 Atque
580 672 720 739 duorum
735 674 850 739 horum
866 698 950 763 quae
967 684 1115 741 extrema
1132 679 1227 763 posui
1245 701 1371 767 compo-

216 776 363 841 sitorum
379 786 417 841 ut
430 776 464 840 in
479 776 588 861 priore
603 776 705 841 miror
719 776 906 842 etiamnunc
927 800 999 843 csse
1020 778 1139 865 quibus
1156 785 1259 845 ‘usus'
1275 802 1371 866 geno-

217 878 315 945 tivus
336 876 490 943 videatur
503 916 546 928 -
561 878 603 943 cf.
620 877 813 944 Rudorffius
835 880 878 944 ad
901 880 1048 945 Puchtae
1071 880 1152 947 Inst.
1169 880 1205 945 II
1226 885 1246 963 ὅ
1260 883 1324 948 230
1338 906 1370 947 n.

215 981 329 1044 -ita
353 980 388 1044 in
403 978 506 1045 altero
532 978 618 1067 quod
644 980 716 1067 ipse
731 980 921 1066 genetivum
935 980 1075 1069 protuli,
1103 984 1158 1068 qui
1181 984 1297 1049 ceteris
1322 994 1372 1050 est

118 1110 130 1119 ·
217 1081 406 1165 ablativus,
433 1082 540 1167 magis
556 1081 655 1146 ctiam
670 1092 764 1147 erunt
778 1084 834 1169 qui
848 1084 1018 1149 mirentur.
1058 1085 1109 1149 Ac
1128 1094 1238 1149 tamen
1266 1086 1371 1151 audeo

217 1184 335 1250 dicere
349 1205 444 1249 usus
460 1185 669 1271 cepionem
690 1184 841 1271 primitus
862 1185 965 1251 fuisse
986 1207 1070 1273 quae
1093 1184 1211 1251 deinde
1231 1188 1371 1252 auctori·

216 1295 295 1352 tate
315 1284 596 1373 iurisprudentum
618 1295 651 1351 et
672 1286 780 1352 forma
801 1299 834 1354 et
860 1290 993 1355 notione
1019 1287 1187 1376 paulisper
1201 1288 1372 1353 immutata

216 1390 421 1477 usucapio
437 1387 553 1453 effecta
568 1388 621 1452 sit.
644 1386 793 1477 Namque
808 1390 896 1477 quod
912 1390 1000 1479 apud
1012 1389 1202 1456 Ciceronem
1218 1390 1259 1456 do
1274 1389 1337 1476 leg.
1353 1392 1370 1456 I

216 1491 276 1573 21,
292 1490 335 1556 55
349 1490 547 1578 optimorum
560 1488 719 1555 librorum
739 1514 900 1557 consensu
916 1490 1066 1557 firmatur
1086 1498 1175 1556 ‘risus
1188 1499 1377 1573 cttpiouem’,¹

217 1592 311 1659 idem
327 1590 454 1657 Gellius
475 1590 598 1657 diserte
616 1601 757 1658 testatur
777 1592 828 1659 VI
844 1592 889 1679 (V
892 1592 940 1679 ΙΙ)
960 1594 1015 1657 10:
1038 1595 1092 1657 ‘Ut
1111 1598 1185 1659 iruec
1205 1616 1370 1659 ususca-

211 1702 285 1778 pio
309 1701 420 1761 dicitur
449 1700 589 1775 cupidate
616 1699 771 1773 uocabulo,
803 1702 943 1759 alittero
970 1702 1001 1760 in
1027 1716 1061 1760 eo
1087 1702 1204 1761 'tractim
1225 1716 1369 1775 munuu-

219 1806 312 1879 tiutu,
344 1805 386 1862 ite
411 1802 706 1878 piquoriccupio
736 1803 835 1862 iuncte
862 1798 956 1882 [suut]
982 1810 1011 1863 et
1033 1802 1180 1878 producte
1204 1802 1369 1863 dicebatur.

228 1905 330 1965 Verte
346 1904 465 1964 Catonis
479 1910 569 1964 sunt.
589 1949 596 1963 .
614 1948 621 1962 .
641 1920 698 1979 per
713 1904 794 1979 quod
805 1907 878 1965 satis
894 1904 1004 1966 dilucet
1022 1905 1102 1964 ivano
1115 1906 1271 1981 cepionem
1281 1922 1371 1981 posse

218 2007 286 2068 dici
298 2008 386 2081 quusi
398 2006 478 2067 hanc
492 2008 659 2083 cuprionem
673 2013 709 2067 et
722 2009 760 2066 iu
774 2024 840 2065 usu
855 2014 889 2067 et
902 2010 937 2067 iu
948 2007 1133 2084 piynore!
1158 2002 1287 2085 Quibus
1302 2002 1369 2067 vim

219 2103 336 2170 attulit
350 2102 509 2169 Hertzius
525 2110 704 2185 ‘usucapio'
726 2106 929 2193 reponendo:
958 2104 1098 2171 alteram
1110 2106 1209 2170 -enim
1229 2105 1370 2170 formam

213 2230 298 2301 cum
312 2206 419 2273 bonae
433 2214 531 2271 notae
544 2204 621 2271 libri
636 2215 668 2271 et
680 2206 717 2270 in
730 2206 945 2293 inscriptione
965 2219 999 2275 et
1018 2208 1052 2271 in
1066 2207 1177 2273 verbis
1199 2206 1369 2294 scriptoris

219 2316 404 2391 testantur,
425 2317 495 2373 tum
515 2308 589 2395 ipsa
609 2310 810 2395 comparatio
824 2309 971 2397 pignoris
994 2310 1141 2395 capionis
1158 2317 1255 2396 atque
1269 2308 1369 2395 inpri-

219 2412 286 2476 mis
300 2409 405 2475 verba
419 2420 581 2492 extrema,
603 2432 687 2497 quae
707 2409 802 2476 aliter
821 2433 863 2475 ne
884 2408 1043 2498 explicari
1065 2410 1198 2497 quidem
1218 2419 1368 2498 possunt,

219 2510 402 2600 postulant.
442 2510 513 2576 Nec
533 2511 681 2598 profecto
702 2512 794 2577 casui
815 2512 1027 2578 tribuendum
1049 2522 1115 2595 est,
1140 2512 1228 2601 quod
1253 2512 1287 2577 in
1304 2512 1369 2578 Gai

220 2614 306 2681 Inst.
319 2613 356 2678 II
369 2613 413 2678 60
428 2636 476 2701 sq.
493 2620 582 2677 ‘usus
591 2620 695 2693 cupio’
712 2622 745 2679 et
760 2620 849 2679 ‘usus
863 2622 1009 2695 receptio’
1025 2615 1112 2681 inter
1127 2636 1162 2681 se
1176 2616 1368 2701 iunguntur,

221 2716 286 2782 etsi
301 2714 335 2779 in
350 2716 397 2780 eis
413 2738 496 2803 quae
511 2716 710 2782 antecedunt
724 2738 852 2803 semper
867 2727 959 2782 extat
973 2722 1150 2797 ‘urraeupio'‚
1166 2717 1271 2784 semel
1283 2724 1369 2781 ‘usu-

220 2825 363 2898 rcceptio’
379 2823 400 2901 ξ
414 2818 467 2899 59,
482 2818 562 2883 item
578 2819 647 2883 sine
662 2819 853 2906 exceptione
869 2828 1084 2906 usucapere,
1101 2824 1176 2885 ‘usu
1191 2820 1366 2907 recipere':

220 2942 262 2986 ac
274 2918 460 2985 laudandus
475 2920 698 3006 Boeckingius
718 2922 776 3008 qui
790 2944 874 2986 unus
890 2941 955 2986 non
971 2920 1076 2987 solum
1091 2922 1252 3009 receperit
1271 2921 1369 2985 istam

221 3023 435 3109 scripturam,
451 3022 511 3087 sed
527 3023 625 3088 etiam
641 3021 714 3087 aliis
729 3024 928 3090 testimoniis
949 3023 1127 3091 muniverit
1141 3024 1273 3109 Fragm.
1292 3022 1367 3089 Vat.

221 3125 311 3209 512.
327 3129 347 3207 ς
365 3124 435 3188 111.
459 3124 538 3209 Dig.
553 3123 606 3206 41,
623 3124 654 3209 9,
672 3128 688 3189 1
705 3130 725 3207 ἕ
739 3124 760 3189 2
774 3136 837 3191 etc.

307 3226 483 3291 Praeterea
498 3246 577 3291 vero
592 3228 623 3291 ei
638 3226 730 3294 favet
750 3237 783 3292 et
802 3228 904 3314 prisci
925 3228 1086 3294 sermonis
1107 3226 1324 3308 consuetudo,
1348 3250 1369 3292 a

221 3351 288 3417 qua
309 3326 512 3415 aliquantum
536 3328 640 3395 distat
668 3331 854 3395 coniunctio
879 3331 1109 3416 ‘usli-cepio',
1136 3339 1169 3394 et
1183 3350 1262 3415 prae
1285 3338 1368 3395 cete·

222 3432 268 3497 ris
284 3429 429 3516 oppositi
439 3428 595 3496 vocabuli
608 3431 696 3518 quod
712 3440 763 3496 est
778 3439 1011 3518 ‘usurpare'
1029 3431 1123 3497 ratio.
1143 3429 1366 3515 Usurpatio

223 3532 311 3598 enim
326 3554 368 3597 ex
381 3540 494 3598 vetere
508 3554 570 3596 usu
586 3531 657 3597 eret
670 3532 880 3619 usucapionis
895 3532 1091 3617 interruptio
1108 3530 1259 3616 (niger,
1271 3530 1302 3615 3,
1315 3530 1363 3613 2):

223 3632 497 3723 quemadmodum
511 3656 686 3721 usurpasse
700 3657 742 3700 ex
756 3633 828 3699 XII
842 3632 965 3701 tabulis
982 3630 1046 3718 (VI
1056 3632 1091 3718 4)
1107 3631 1223 3698 mulier
1238 3632 1367 3699 diceba·

224 3747 279 3802 tur
293 3759 388 3823 quae,
399 3758 440 3801 ne
455 3738 490 3801 in
504 3759 638 3801 manum
653 3736 763 3802 mariti
777 3736 978 3817 conveniret,
991 3737 1165 3822 quotannis
1177 3735 1368 3801 trinoctium

224 3840 321 3905 abeo
336 3838 468 3905 abesset
481 3860 677 3926 usumque
692 3840 786 3904 anni
799 3840 1118 3925 interrumperet
1135 3836 1252 3920 (Gaius
1264 3838 1282 3903 1
1296 3838 1366 3901 111.

225 3940 351 4006 Gellius
366 3940 474 4023 1112,
492 3940 563 4028 12);
589 3940 677 4006 unde
699 3942 862 4028 quomodo
889 3940 958 4004 fere
984 3940 1167 4026 oppositam
1193 3938 1247 4003 vel
1273 3960 1366 4004 occu-

224 4039 326 4129 pandi
341 4042 394 4108 vel
410 4043 598 4129 frequenter
611 4042 726 4108 utendi
741 4039 1012 4127 significationem
1033 4040 1195 4129 acceperit
1202 4090 1212 4125 ,
1235 4040 1301 4105 Gai
1321 4038 1366 4105 lo·

225 4166 281 4209 cus
294 4154 370 4230 apte
381 4142 524 4210 illustret
535 4144 613 4229 Dig.
626 4144 678 4225 41,
689 4145 721 4227 3,
736 4144 758 4209 5
772 4148 972 4209 ‘Naturaliter
987 4149 1280 4223 interrumpitur
1288 4160 1366 4223 pos-

223 4252 314 4311 sessio
327 4266 394 4311 cum
409 4253 474 4325 qua
489 4251 527 4310 ue
535 4252 720 4325 possessione
734 4252 764 4309 ri
777 4251 931 4311 deiicitur.
949 4294 956 4309 .
973 4292 979 4307 .
995 4266 1050 4309 uec
1064 4266 1097 4310 eo
1116 4265 1190 4311 cusu
1204 4246 1366 4323 quidquem

224 4350 345 4413 intereat
358 4355 383 4413 is
396 4356 450 4437 qui
462 4354 707 4428 usurpaverit
721 4351 857 4411 domiuus
870 4354 908 4411 sit
921 4355 1037 4413 necue)
1073 4348 1116 4411 of.
1132 4346 1247 4412 Cicero
1263 4345 1303 4411 de
1318 4367 1364 4410 or.

225 4450 342 4533 11128,
356 4451 427 4516 110.
449 4450 598 4538 Utroque
612 4459 723 4514 autem
737 4450 826 4515 notio
841 4450 925 4514 bene
940 4448 1207 4515 accommodatur
1217 4447 1259 4514 ad
1271 4448 1366 4516 verbi

225 4552 385 4637 originem
414 4553 456 4619 ab
484 4552 524 4616 0.
544 4550 703 4617 Muellero
728 4551 763 4615 in
786 4550 872 4617 Mus.
899 4550 989 4616 rhen.
1015 4550 1077 4616 iur.
1098 4550 1130 4617 V
1151 4550 1212 4616 201
1237 4560 1366 4618 erutam
