3409 5409
317 503 357 564 88
734 515 847 562 carvr
870 513 1046 575 qunrvn.

317 695 350 759 p.
364 671 428 738 452
443 677 528 738 ‘ds'ee
542 676 670 738 dr'eum':
690 671 812 738 rationi
832 670 1031 737 conveniens
1052 679 1104 736 est
1124 668 1211 736 hunc
1232 690 1329 735 usum
1349 669 1383 734 in
1405 668 1467 734 fn·

317 783 406 840 turo
422 774 622 842 substitisse.
638 811 681 822 -
696 773 807 860 Atque
821 773 898 838 hinc
918 773 1063 860 quidem,
1079 793 1153 838 eum
1173 772 1240 838 iam
1256 771 1327 839 sola
1341 771 1467 838 vocalis

318 898 472 942 mensura
487 875 641 943 differant
654 877 838 963 praesentis
860 885 893 940 et
913 875 1051 962 perfecti
1071 875 1313 957 coniunctivus,
1334 883 1409 962 apte
1430 873 1468 938 id

319 979 417 1046 simul
435 979 619 1066 explicatur
641 979 698 1066 qui
712 979 787 1060 fiat,
808 987 845 1042 ut
867 977 990 1046 vocalis
1010 978 1044 1042 in
1064 977 1175 1044 futuro
1197 977 1343 1064 perfecto
1363 977 1468 1063 gemi-

318 1081 443 1148 natica
457 1082 680 1166 grammaticis
695 1089 789 1147 tanta
802 1103 877 1146 oum
894 1079 1066 1166 diligentia
1080 1082 1256 1148 observata
1272 1081 1324 1146 sit.

405 1187 596 1250 ‘Arduuitur’
611 1185 713 1269 igitur
727 1185 794 1248 iarn
810 1205 1004 1270 persuasum
1019 1192 1070 1249 est
1084 1185 1266 1250 futurum
1281 1191 1467 1250 exactum

321 1287 477 1374 passivi
493 1307 566 1352 esse
580 1296 678 1374 atque
692 1287 776 1351 raris
791 1284 858 1350 illis
874 1295 907 1352 et
921 1286 1153 1352 vetustissimis
1170 1287 1291 1352 futuris
1313 1285 1468 1351 adnume-

320 1389 477 1471 randum,
492 1389 612 1476 quibus
627 1389 662 1453 in
677 1389 847 1476 passivam
867 1388 1006 1454 formam
1027 1410 1069 1452 ex
1084 1389 1196 1455 activa
1216 1387 1385 1454 translatis
1401 1397 1467 1452 ter-

320 1491 457 1556 minatio
473 1491 607 1578 passivo
629 1492 763 1578 propria
783 1490 947 1571 adhaesit,
969 1491 1061 1556 ouius
1083 1490 1244 1558 inlocum
1265 1499 1380 1578 postea
1395 1510 1467 1556 suc-

320 1593 420 1659 cessit
440 1592 510 1660 sola
529 1593 696 1680 participii
717 1615 791 1657 curu
811 1595 914 1660 verbo
941 1594 1147 1659 substantivo
1175 1592 1378 1680 compositio.
1413 1593 1468 1658 De

320 1695 439 1782 quibus
470 1696 586 1762 formis
596 1698 621 1782 ¹)
653 1717 767 1762 verum
797 1696 956 1761 iudicium
987 1694 1177 1780 Madvigius
1204 1695 1327 1782 Opusc.
1352 1695 1388 1760 II
1413 1694 1467 1776 81,

321 1797 454 1864 Curtius
470 1797 490 1862 l.
508 1797 529 1862 l.
546 1820 578 1884 p.
585 1799 658 1880 343,
675 1798 855 1863 Corssenus
872 1798 913 1862 de
925 1799 1047 1862 linunt.
1060 1797 1095 1862 II
1109 1798 1151 1864 38
1164 1820 1234 1885 sqq.
1250 1797 1466 1884 protulerunt.

320 1901 431 1986 Atque
457 1921 500 1964 ex
525 1922 563 1965 eo
588 1921 724 1966 numero
750 1899 890 1965 alterurn
916 1901 979 1966 luit
1001 1902 1035 1966 in
1063 1899 1134 1966 XII
1160 1899 1345 1987 exemplum
1366 1901 1468 1966 Festo

321 2013 538 2070 memoratum
558 2024 591 2089 p.
616 2003 676 2067 166
697 2006 893 2068 ‘Noncitor
913 2011 945 2067 ia
965 2006 1037 2068 XII
1055 2013 1160 2068 nactas
1180 2011 1249 2074 erit,
1266 2008 1466 2084 mnenderr't’

321 2104 452 2189 (praeno
475 2110 534 2169 err't
557 2105 656 2192 cod).
694 2105 770 2185 Qua
797 2105 910 2191 glossa
935 2107 993 2172 vix
1022 2103 1180 2174 credibile
1210 2115 1261 2172 est
1288 2105 1467 2172 Frehernm

322 2207 455 2293 Parerg.
468 2206 485 2271 I
499 2207 520 2271 9
533 2208 582 2272 ita
595 2230 692 2273 usum
707 2229 790 2289 esse,
806 2219 844 2274 ut
859 2209 1091 2295 imperativum
1106 2208 1245 2294 fingeret
1260 2207 1290 2272 V
1302 2208 1323 2274 5
1338 2214 1469 2288 ‘penalis

320 2313 474 2387 familiam
488 2319 701 2376 nnrrcitor’:
715 2310 941 2377 incredibilius
957 2312 1058 2376 etiam
1073 2310 1211 2376 eundern
1227 2312 1290 2377 hoc
1305 2331 1467 2378 commen-

323 2421 394 2478 tum
418 2413 623 2498 persuasisse
645 2412 850 2479 Gothosredo
876 2422 908 2478 et
930 2413 1144 2499 Dirkseno.²)
1171 2451 1214 2462 -
1240 2413 1286 2478 At
1311 2433 1370 2479 suo
1396 2414 1469 2478 inre

323 2514 365 2582 0.
379 2513 559 2581 Muellerus
580 2525 614 2580 et
632 2515 687 2580 hic
705 2526 739 2581 et
762 2515 890 2582 duobus
914 2515 969 2602 qui
991 2515 1105 2582 statim
1125 2524 1305 2603 sequuntur
1324 2515 1404 2580 loeis
1425 2537 1469 2580 ex

323 2616 458 2683 foedere
471 2616 575 2684 latino
591 2619 761 2698 ‘pecuinam
776 2625 842 2697 quis
856 2625 1006 2682 naamtor’
1023 2627 1056 2683 et
1071 2625 1110 2682 ‘si
1129 2623 1203 2697 quid
1214 2623 1349 2698 pipnort's
1364 2625 1470 2684 nosm-

322 2726 428 2785 scitur’
445 2718 520 2805 (sie)
538 2730 571 2786 et
585 2719 684 2785 simili
699 2743 732 2807 p.
747 2720 809 2785 227
825 2725 1012 2785 ‘renascatur
1034 2725 1158 2786 Verrius
1171 2727 1343 2799 stpntfieare
1357 2728 1402 2786 nit
1414 2741 1469 2786 re-

321 2826 528 2903 promoeriu
544 2831 730 2888 constanter
744 2821 892 2909 reposuit
908 2831 1075 2888 ‘munitor’
1089 2824 1129 2908 (a.
1142 2825 1341 2912 ‘maxum
1355 2831 1388 2890 et
1402 2831 1468 2888 ‘re-

324 2932 493 3001 nnnxitur’,
509 2925 662 3011 quoniam
677 2949 697 2990 a
712 2925 863 2991 ‘nuncio'
883 2961 918 2972 -
936 2926 1023 3012 quod
1044 2925 1182 2991 verbum
1195 2925 1362 2992 Prisciano
1385 2933 1470 2991 teste

325 3052 357 3115 p.
374 3027 438 3093 888
452 3026 490 3091 Ρ.
512 3027 608 3094 1513
623 3027 666 3092 Η.
683 3033 733 3092 ‘in
753 3048 809 3092 usu
825 3031 890 3104 fuit
908 3035 1132 3106 vetusnnrmts’,
1154 3029 1196 3094 ef.
1219 3026 1389 3095 Gracchus
1409 3049 1468 3114 pro

326 3153 376 3195 se:
403 3135 726 3211 1εἱνιαηεὶαηιᾸυοραῐὲ
745 3132 981 3216 desideriam’l)
997 3169 1040 3182 —
1054 3129 1237 3219 perfectum
1259 3129 1297 3196 fit
1317 3130 1469 3212 ‘nansi’,

325 3233 388 3297 fut.
400 3231 436 3297 II
451 3236 585 3297 ‘nanno'
601 3232 829 3321 (‘nanx·eso’).
845 3233 959 3321 Neque
976 3235 1062 3300 enim
1078 3232 1165 3321 qnod
1176 3232 1398 3298 Mommsenus
1413 3253 1469 3298 vo·

395 3475 415 3541 ¹)
434 3475 551 3526 Praeter
569 3491 618 3526 eas
636 3491 749 3541 quarum
767 3491 852 3541 snpra
870 3477 973 3527 mentio
990 3477 1104 3526 inicitur
1122 3477 1175 3527 hae
1194 3475 1369 3526 adferuntur:
1388 3475 1471 3538 ‘sueri-

327 3566 378 3614 tar’
397 3562 427 3611 in
445 3561 588 3627 rogatione
606 3561 640 3613 de
659 3577 724 3613 vere
743 3577 823 3613 sacro
843 3577 886 3627 ap.
906 3560 1015 3612 Livium
1034 3562 1076 3625 22,
1097 3563 1138 3625 10,
1156 3561 1181 3610 6.
1205 3563 1341 3612 ‘tnesitnr’
1360 3559 1431 3612 (lato
1449 3575 1470 3614 r.

326 3663 348 3701 r.
368 3649 409 3698 14.
438 3647 622 3698 ‘imbuantur'
641 3647 669 3696 in
687 3646 753 3698 ficta
771 3645 915 3698 Ciceronis
933 3645 996 3712 lege
1015 3647 1106 3709 1114,
1127 3649 1171 3708 11,
1197 3647 1296 3710 quihus
1315 3644 1470 3696 addendum

327 3730 509 3784 ‘meremor’
530 3747 562 3782 ex
581 3730 643 3798 loge
662 3733 774 3798 agraria
790 3747 818 3784 v.
836 3733 878 3782 71.

393 3815 415 3880 ²)
434 3815 549 3868 Rectius
567 3816 700 3867 Cniacins
717 3817 798 3868 Ohss.
813 3819 854 3881 10,
873 3819 918 3868 tlt
937 3831 999 3868 eum
1017 3833 1095 3868 snam
1113 3817 1183 3882 legis
1195 3817 1248 3868 Vd
1265 3817 1471 3868 restitutionem

327 3907 462 3969 ‘agnatus
480 3901 619 3968 proximus
637 3901 755 3953 tutelam
777 3903 922 3954 nancitor’
946 3917 1042 3969 parurn
1066 3901 1251 3954 commendari
1274 3901 1352 3954 Festi
1375 3901 1471 3968 glossa

326 3988 413 4040 dicat.

395 4073 416 4136 ³)
435 4078 547 4124 ‘nauco'
567 4075 680 4124 verbum
699 4089 790 4126 errore
810 4074 904 4125 effecit
922 4074 1044 4141 Boppius
1064 4075 1110 4125 Gr.
1131 4073 1396 4140 comp.111p.133.
1416 4071 1471 4123 Sed
1542 4135 1554 4153 .

327 4175 382 4225 qno
404 4158 484 4210 modo
507 4158 659 4211 Corssenns
683 4159 775 4224 symb.
800 4159 861 4209 crit.
889 4175 916 4225 p.
934 4159 966 4210 37
997 4160 1134 4211 ‘nancire’
1162 4159 1275 4210 verbum
1302 4162 1409 4210 statuat
1438 4173 1472 4208 ex

329 4245 451 4297 Gracchi
468 4244 530 4296 loco
549 4247 746 4296 necessario
765 4244 906 4310 intellegi,
925 4259 979 4296 non
997 4246 1087 4296 minus
1106 4259 1248 4310 assequor.
1268 4243 1319 4294 Oui
1339 4245 1391 4294 etsi
1409 4259 1471 4308 spe·

328 4330 387 4382 cies
405 4329 539 4396 quaedam
558 4329 669 4381 accedit
686 4345 720 4382 ex
738 4331 945 4396 comparatione
962 4345 988 4382 v.
1006 4332 1114 4382 ‘sancio
1127 4331 1231 4384 sanxi’:
1251 4333 1281 4381 at
1299 4329 1393 4380 eodem
1412 4329 1472 4379 iure

327 4397 502 4468 hauddubie
522 4417 619 4496 ‘capio
643 4416 745 4482 eapsi’,
764 4416 854 4467 ‘facio
874 4415 948 4467 faxi’
966 4417 996 4466 in
1019 4431 1130 4468 censum
1148 4431 1251 4468 vocare
1274 4415 1350 4467 licet.
1385 4415 1472 4465 Immo

328 4502 421 4566 aptius
439 4501 556 4552 sumitur
573 4519 591 4553 a
608 4498 760 4553 ‘nancitor’
780 4499 947 4554 descendere
966 4501 1159 4554 ‘nanciscitur’
1179 4517 1290 4568 quamn
1308 4503 1473 4564 ‘nascitur',

327 4591 359 4637 ut
377 4601 394 4636 a
413 4591 536 4653 ‘parere’
555 4586 586 4638 lit
604 4587 742 4653 ‘pacisci’
