3409 5409
336 467 379 531 94
747 481 861 530 csrvr
883 482 1061 543 orrarvsr.

335 636 386 721 gis
403 643 512 700 autem
527 632 615 721 quod
636 660 667 700 v.
683 634 823 701 ‘tarius'
844 635 879 699 in
900 636 1089 722 compositis
1112 635 1329 703 ‘multifarius
1338 643 1361 721 '‚
1384 638 1509 704 ‘bifa-

335 740 431 803 riam’
446 746 510 803 etc.
526 759 547 802 a
565 736 667 803 fando
689 736 825 824 quidam
847 746 1055 824 repetunt-
1071 737 1178 826 qualis
1200 738 1355 826 frequens
1377 750 1437 805 est
1462 742 1507 804 in

334 840 506 925 glossariis
521 839 638 904 harum
652 862 771 905 vocum
791 841 1015 926 interpretatio
1027 841 1051 926 ¹)
1069 882 1110 893 --
1125 841 1160 905 id
1181 840 1283 906 ullam
1304 863 1347 907 ex
1367 842 1505 908 horum

334 944 512 1009 verborum
527 940 767 1026 significatione
782 951 815 1005 et
827 964 891 1006 usu
905 942 1223 1009 commendationem
1238 942 1350 1009 habet.
1382 944 1504 1009 Deni-

334 1066 397 1132 que
423 1042 517 1110 verbi
538 1042 676 1107 alicuius
700 1042 794 1108 latini
813 1044 959 1109 radicem
980 1044 1111 1110 adiecta
1131 1044 1264 1132 syllaba
1284 1046 1346 1109 ‘ri'
1368 1048 1502 1132 angeri

333 1146 423 1212 nullo
439 1146 571 1212 omnino
587 1144 737 1230 exemplo
753 1146 995 1231 comprobatur.
1012 1146 1141 1227 Quibus
1157 1147 1256 1213 rebus
1273 1170 1311 1214 eo
1323 1147 1499 1231 adducor,

333 1259 371 1315 ut
391 1271 498 1314 novae
519 1246 656 1312 rationis
679 1245 860 1332 periculum
880 1246 1070 1313 faciendum
1091 1258 1213 1335 putem.
1252 1248 1404 1337 Namque
1425 1258 1500 1315 aut

332 1373 467 1439 prorsus
482 1348 580 1415 fallor
594 1356 652 1413 aut
664 1348 761 1413 unius
777 1347 906 1413 litterae
922 1350 1101 1415 mutatione
1118 1354 1320 1427 ‘satiatur'
1337 1351 1496 1417 scriben-

334 1452 412 1519 dum
431 1462 492 1518 est.
529 1449 626 1515 Hanc
646 1452 733 1515 enim
753 1449 894 1516 formam
920 1450 1098 1537 aliquando
1122 1451 1271 1517 extitisse
1297 1452 1495 1519 certissime

284 1628 292 1642 .
334 1555 496 1621 evincitur
506 1555 656 1641 opposito
671 1552 917 1616 ‘infitiandi’
932 1552 1034 1619 verbo
1047 1576 1089 1619 ex
1102 1552 1303 1619 ‘infatiandi'
1314 1576 1372 1643 per
1383 1576 1494 1621 voca-

327 1656 413 1737 lium
428 1679 448 1722 a
462 1658 498 1720 in
512 1678 547 1738 e,
571 1655 666 1720 eini
687 1653 861 1719 transitum
881 1654 990 1720 el'ficto
999 1702 1008 1736 ‚
1030 1654 1305 1742 quemadmodum
1324 1678 1366 1721 ex
1386 1662 1491 1721 ‘con-

333 1760 434 1826 iacio'
451 1758 576 1824 factum
597 1765 647 1822 est
668 1756 851 1822 ‘coniecio'
868 1794 909 1802 —
924 1756 968 1820 cf.
989 1753 1044 1821 lex
1063 1756 1205 1823 Servilia
1225 1754 1247 1821 l.
1263 1756 1305 1822 50
1325 1756 1367 1821 al.
1389 1756 1489 1844 apud

333 1860 580 1927 Lachmannum
594 1859 637 1925 ad
653 1860 751 1923 Lucr.
766 1882 798 1946 p.
820 1859 880 1922 128
898 1896 935 1905 —-
953 1857 1070 1924 dehinc
1086 1859 1263 1940 ‘coniicio’,
1279 1859 1422 1944 itemque
1438 1881 1487 1923 ex

333 1963 497 2048 ‘ad-ago'
520 1960 660 2046 ‘adego'
682 1999 716 2007 -
734 1960 777 2025 cf.
795 1964 946 2039 ‘coequat
969 1962 1125 2039 curaret
1147 1962 1400 2028 <ovelutver’
1422 1959 1485 2025 Gl.

331 2064 439 2131 Labb.
458 2101 493 2111 -
511 2075 581 2129 tum
597 2060 780 2147 radigosa·
792 2061 903 2149 Atque
917 2063 952 2127 in
967 2062 1107 2128 satiandi
1127 2084 1256 2150 quoquc
1270 2063 1372 2129 verbo
1394 2062 1484 2149 prio-

331 2166 378 2230 ris
386 2166 468 2231 vicis
477 2175 589 2231 notam
601 2165 748 2231 servavit
759 2165 789 2228 ‘f
793 2164 944 2229 etialis'
958 2163 1046 2229 haud
1056 2164 1155 2231 dubie
1164 2165 1240 2230 inde
1252 2164 1482 2251 repetendum,

331 2290 398 2334 non
412 2290 433 2332 a
447 2266 512 2332 lide
528 2276 584 2332 aut
597 2266 732 2333 foedere
747 2304 788 2315 -
802 2267 889 2331 unde
904 2267 1010 2331 Varro
1025 2264 1130 2332 voluit
1146 2266 1167 2330 l.
1178 2264 1243 2340 l.V
1260 2266 1301 2332 86
1317 2276 1350 2332 et
1366 2264 1481 2333 Gloss.

331 2370 400 2436 Mai
419 2369 488 2434 VII
507 2368 566 2435 561
597 2372 728 2446 ‘fetiales
752 2376 805 2447 qur·
828 2379 897 2432 unte
919 2373 1070 2445 soedlules
1095 2374 1193 2445 dictt’‚
1219 2367 1306 2433 addo
1331 2367 1480 2434 Thomae

332 2473 432 2538 Thes.
448 2494 479 2558 p.
496 2471 559 2536 245
574 2472 616 2539 Μ.
639 2470 855 2535 Plutarchum
871 2469 968 2535 Num.
988 2472 1037 2535 12.
1060 2469 1187 2536 Camill.
1203 2471 1241 2535 18
1258 2480 1356 2557 atque
1371 2494 1414 2537 ex
1428 2494 1478 2536 re·

331 2574 747 2641 cautioribusHuschkium
762 2574 883 2639 Incerti
898 2583 983 2637 auct.
1000 2573 1252 2659 magistratuum
1267 2582 1300 2639 et
1314 2574 1477 2640 sacerdot.

333 2678 489 2765 expositt.
505 2676 592 2741 ined.
609 2700 641 2763 p.
659 2679 719 2742 133
741 2687 775 2742 et
790 2675 1028 2761 Goettlingium
1044 2675 1132 2741 Hist.
1152 2675 1291 2763 reipubl.
1306 2676 1347 2741 R.
1363 2699 1396 2765 p.
1415 2676 1477 2741 196

329 2804 362 2845 n.
378 2782 397 2845 7
415 2819 453 2829 -
469 2802 575 2867 neque
597 2800 618 2843 a
631 2778 797 2863 feriendo,
819 2788 857 2843 ut
872 2778 994 2843 Paulus
1016 2800 1059 2842 ex
1079 2778 1176 2846 Festo
1198 2802 1230 2865 p.
1247 2778 1299 2844 91.
1334 2778 1476 2844 Fetialea

329 2884 431 2969 igitur
442 2893 519 2948 sunt
533 2891 730 2948 oratores:
748 2902 830 2968 quos
842 2880 942 2947 etiam
956 2882 1067 2946 vocari
1080 2888 1249 2947 ‘oratores’
1261 2882 1368 2947 Varro
1380 2882 1474 2948 testis

329 2996 381 3053 est
400 2986 489 3073 apud
507 2984 649 3051 Nonium
670 3010 702 3073 p.
719 2987 782 3051 529
797 2985 856 3071 (cf.
873 2986 991 3051 Festus
1007 3006 1039 3070 p.
1055 2984 1114 3047 182
1129 3008 1161 3051 v.
1179 2985 1355 3072 oratores);
1377 2994 1476 3072 atque

329 3088 445 3155 eodem
459 3086 579 3153 alludit
593 3086 809 3154 Ciceroniana
829 3087 885 3153 lex
901 3086 941 3152 dc
956 3085 1018 3172 leg.
1036 3086 1071 3151 II
1087 3088 1116 3169 9,
1133 3087 1173 3151 21
1195 3096 1284 3153 recte
1304 3108 1326 3151 a
1339 3086 1474 3152 Reiffer-

329 3188 474 3255 scheidio
488 3189 576 3255 Mus.
591 3191 682 3281 rhen.
698 3190 801 3255 XVII
815 3190 878 3254 291
895 3212 943 3276 sq.
959 3190 1008 3256 ita
1022 3189 1202 3254 constituta
1217 3195 1398 3254 ‘foedorum
1410 3210 1474 3270 pa-

328 3299 372 3357 cr's
387 3294 483 3378 [berz]
499 3298 685 3358 indutiarum
699 3303 833 3358 oratores
844 3297 966 3369 fetiales
980 3304 1081 3368 sunto,
1104 3296 1218 3355 iudices
1231 3312 1290 3355 non
1305 3297 1412 3357 santo?
1443 3292 1475 3358 A

327 3392 452 3461 ‘latior'
471 3403 581 3460 autem
597 3396 747 3482 proxime
768 3396 885 3460 abesse
901 3396 1031 3461 ‘fateor'
1053 3402 1205 3480 apparet:
1233 3394 1353 3480 quibus
1377 3394 1475 3461 tertia

328 3497 457 3563 accedit
471 3498 625 3563 formatio
640 3498 683 3563 ab
699 3496 812 3562 eadem
829 3486 931 3584 stirpe
946 3496 1094 3583 proiecta
1109 3494 1218 3561 ‘sator’
1235 3518 1278 3562 ex
1292 3496 1387 3563 Pauli
1402 3518 1471 3563 axe.

396 3687 419 3753 ¹)
434 3689 470 3739 cl.
478 3688 568 3742 Gloss.
575 3688 634 3738 Mai
644 3688 682 3740 VI
692 3690 742 3740 506
755 3689 916 3751 ‘armiferum
926 3688 1044 3739 wicbodus
1053 3688 1171 3753 portibus
1178 3691 1303 3755 toquens’,
1315 3688 1474 3753 ‘manaan

327 3774 453 3839 bilinprcis’
464 3798 499 3810 -
510 3774 559 3824 sed
571 3776 620 3826 sot
633 3774 778 3836 ‘amsarian
790 3773 908 3823 atrebatas
923 3774 1050 3838 partibas’
1064 3800 1095 3810 -
1109 3790 1134 3839 p.
1154 3776 1205 3825 534
1223 3775 1375 3837 ‘multifarie
1392 3778 1474 3827 nmltr's

326 3858 506 3925 sermonidua’,
528 3860 649 3912 vuaso
672 3860 841 3923 ‘rrrtlttsorine
864 3861 954 3909 amitae
974 3860 1094 3921 sudrdac’
1114 3857 1196 3925 (sic),
1215 3860 1368 3923 ‘nrullisarr'e
1391 3862 1473 3912 micitia

326 3945 502 4004 locutoribus,
531 3948 571 3996 vel
591 3948 673 3997 multt'a
697 3945 837 4011 partitam&
867 3946 916 3995 552
940 3945 1069 4009 ‘balterius
1096 3946 1236 4011 biliupru's’,
1263 3944 1314 3997 563
1337 3946 1472 4010 ‘bisurtino

326 4030 456 4095 disemus
474 4032 606 4096 dilinpaem
628 4033 774 4095 duplicrm‘,
798 4030 864 4081 VIII
882 4032 925 4081 66.
944 4030 984 4083 76.
1007 4030 1096 4084 Gloss.
1115 4030 1240 4097 Amplon.
1253 4032 1304 4082 278
1317 4030 1398 4096 (277).
1427 4030 1471 4082 (11.

326 4114 452 4167 Hildebr.
474 4133 501 4182 p.
519 4118 561 4169 sl.
585 4116 705 4167 Easdem
724 4115 868 4166 derivandi
890 4116 1011 4182 ineptias
1029 4116 1121 4183 prodit
1145 4118 1295 4182 explicatio
1313 4120 1391 4169 vocis
1409 4121 1472 4171 ‘ad-

323 4202 399 4265 salire
420 4204 512 4267 optare
534 4205 654 4268 loquens’
677 4202 714 4251 VI
736 4204 794 4252 50³.
817 4201 870 4253 VII
889 4204 947 4255 551.
975 4203 1090 4267 ‘affatim
1112 4204 1148 4253 aci
1168 4208 1322 4255 sermonem’
1340 4204 1395 4256 VII
1413 4206 1471 4257 ool.

327 4286 364 4337 el'.
382 4286 488 4337 Paulus
505 4287 574 4338 Exc.
594 4302 628 4336 ex
646 4288 731 4337 Festo
749 4302 775 4352 p.
796 4290 825 4337 11
851 4288 966 4351 ‘offatim
989 4289 1079 4337 dictam
1098 4304 1115 4337 a
1134 4290 1210 4353 copia
1226 4290 1338 4353 fatendi,
1356 4293 1409 4341 stoc
1427 4289 1471 4341 ab·

326 4372 475 4422 undanter!

392 4454 416 4521 ‘l
439 4456 608 4523 Comparare
626 4457 694 4507 licat
715 4458 798 4507 etiam
816 4458 979 4509 Umbrorum
1002 4458 1088 4521 ‘seta’
1113 4463 1141 4509 st
1163 4460 1257 4524 ‘seila’
1281 4461 1299 4513 i.
1319 4476 1342 4514 e.
1362 4461 1470 4511 ‘scotto’

325 4540 402 4590 iuxta
420 4542 561 4606 ‘frenent’
579 4548 730 4595 exaratum.
