3409 5409
692 538 830 585 riuum
852 538 913 586 vu.
1312 522 1371 588 137

228 701 261 756 et
283 692 470 772 semissem,
494 689 589 777 quasi
610 691 708 755 semis
731 692 877 757 tertius.
902 741 909 755 .
932 742 939 755 .
961 740 969 756 .
994 690 1048 757 lex
1077 692 1175 757 etiam
1197 692 1371 758 duodecim

229 792 415 859 tabularum
431 803 624 879 argumento
640 804 704 877 est,
727 795 841 883 inqua
857 793 920 860 duo
937 793 1038 882 pedes
1054 801 1086 859 et
1101 794 1198 860 semis
1221 804 1370 861 sester-

228 896 312 963 tius
335 918 402 986 pes
425 903 589 962 uocatur.'

313 1102 419 1167 Gaius
441 1102 462 1167 l.
486 1100 535 1166 IV
557 1100 600 1166 ad
627 1102 733 1187 legem
755 1100 826 1165 XII
847 1100 1044 1167 tabulam.
1088 1100 1168 1185 Dig.
1192 1102 1246 1184 10,
1272 1104 1306 1183 l,
1332 1102 1371 1167 13

229 1204 289 1291 (id.
311 1204 347 1269 in
368 1207 466 1269 Auet.
489 1203 545 1268 fin.
568 1202 705 1289 regund.
727 1226 761 1290 p.
776 1203 839 1268 278
862 1202 1024 1288 Laohm.).
1052 1202 1241 1268 ‘Sciendum
1264 1205 1371 1268 estin

229 1305 357 1372 aetione
381 1306 495 1370 finium
516 1306 736 1391 regundorum
755 1304 838 1372 illud
860 1304 1104 1372 obseruandum
1127 1327 1199 1371 esse
1220 1305 1308 1393 quod
1328 1307 1372 1373 ad

228 1408 413 1494 exemplum
434 1406 677 1495 quodammodo
699 1409 770 1473 eius
791 1407 874 1493 legis
898 1408 1056 1494 seriptum
1078 1418 1130 1474 est
1151 1430 1250 1495 quam
1270 1408 1370 1473 Athe

227 1508 278 1575 nis
302 1509 453 1576 Solonem
475 1510 598 1577 dieitur
618 1508 749 1576 tulisse:
777 1531 853 1573 nam
876 1510 945 1575 illie
966 1510 1013 1576 itu
1034 1519 1098 1575 est:
1124 1510 1181 1577 ἐάν
1208 1530 1255 1576 τι(
1282 1510 1372 1591 αἱμα-

228 1612 297 1679 ειὰν
318 1614 400 1693 παρ’
415 1612 576 1699 ἀλλοτρίῳ
598 1612 707 1697 χωρίῳ
730 1612 832 1697 όρίιεῃ
856 1612 891 1695 (1.
908 1612 1051 1699 ὀρύττῃ),
1073 1613 1133 1679 τόν
1149 1612 1230 1693 ὅρον
1247 1614 1288 1693 μὴ
1311 1632 1372 1677 πα-

228 1715 404 1796 ραβαίνειν·
432 1715 490 1782 ἐὰν
518 1716 581 1799 (δὲ)
608 1715 743 1795 τειχίον,
766 1715 853 1780 πόδα
880 1714 1082 1781 ἀπολείπειν·
1106 1715 1163 1781 ἐὰν
1185 1716 1222 1781 δὲ
1244 1713 1370 1795 οἴκημα,

226 1818 286 1883 διίο
320 1818 438 1883 πόδαε·
465 1817 524 1884 ἐὰν
552 1818 587 1883 δὲ
614 1818 743 1899 τάφρον
772 1817 893 1899 (τάφον
917 1819 1015 1901 Flor.)
1043 1818 1062 1896 ἢ
1093 1816 1212 1898 βόθρον
1240 1816 1371 1902 όρόττῃ,

227 1919 305 1986 όεον
326 1920 365 1985 τό
388 1921 486 1999 βάθοε
508 1921 528 1999 ἢ
548 1923 705 1985 τοιοῦτον
721 1919 923 1985 ἀπολείπειν·
945 1920 1002 1984 ἐὰν
1025 1920 1061 1984 δὲ
1083 1920 1202 2000 φρέαρ,
1221 1918 1371 1998 όργυιάν·

226 2021 337 2088 ἐλαίαν
359 2022 467 2087 δὲκαὶ
489 2024 585 2101 (υκῆν
608 2022 705 2087 ἐννέα
726 2021 830 2087 πόδα(
852 2021 920 2087 ἀπὸ
941 2024 1000 2087 τοῦ
1016 2019 1189 2102 ἀλλοτρίου
1204 2022 1370 2103 φυτεύειν·

226 2125 267 2191 τὰ
288 2126 324 2190 δέ
346 2123 428 2189 ἀλλα
450 2124 570 2204 δένδρα
591 2124 688 2190 πέντε
711 2124 840 2190 πόδαε.’

312 2331 342 2393 1.
365 2306 492 2395 eunus
514 2327 559 2393 u.
580 2326 623 2392 u.
645 2325 734 2392 xlx
757 2326 811 2408 re,
832 2326 884 2392 so.
910 2326 963 2391 un
987 2325 1160 2393 duodecim
1182 2327 1303 2395 usum
1326 2328 1370 2395 10-

224 2422 302 2515 gum
323 2441 511 2496 nostrarum
532 2450 694 2515 nusquam
715 2429 904 2494 nominatur
925 2428 1020 2493 uilla:
1050 2450 1180 2516 semper
1207 2428 1242 2494 in
1269 2430 1369 2516 signi-

225 2532 380 2598 ficatione
401 2554 441 2596 ea
462 2531 650 2611 hortum·
640 2554 676 2595 ιιι
696 2530 784 2597 horti
805 2552 883 2596 uero
906 2530 1139 2596 heredium?

309 2634 341 2699 2.
364 2634 483 2699 Festus
505 2656 538 2721 p.
561 2632 624 2698 355
645 2632 691 2697 M.
714 2634 898 2712 ‘Tapuris
924 2654 944 2697 a
966 2640 1052 2698 tteeo
1083 2630 1289 2721 appellantur
1311 2640 1370 2701 do-

208 2743 338 2807 micilia
352 2742 531 2801 aereticorum
551 2733 686 2801 sordida
708 2782 878 2801 ......
901 2757 964 2821 quo
987 2733 1120 2800 nomine
1143 2783 1315 2803 ......
1339 2746 1370 2803 in

225 2839 451 2920 explanatione
472 2836 545 2903 XII
567 2837 613 2904 ait
634 2836 733 2902 etiam
756 2882 1025 2905 .........
1047 2838 1239 2915 sipns'fieari?

310 3041 424 3108 Cicero
447 3040 489 3107 de
509 3040 574 3126 leg.
589 3041 607 3107 I
622 3040 681 3123 21,
703 3040 755 3106 55.
782 3039 851 3107 ‘Ex
873 3041 935 3107 hae
954 3050 1068 3107 autem
1090 3062 1156 3106 nen
1178 3064 1289 3108 rerum
1312 3044 1370 3110 sed

225 3145 403 3213 uerborum
424 3142 592 3209 discordia
613 3142 838 3208 controuersia
859 3153 910 3208 est
931 3152 1011 3211 nata
1032 3143 1074 3231 de
1095 3142 1231 3211 finibus:
1256 3145 1371 3233 inqua

224 3247 378 3333 quoniam
415 3268 512 3311 usus
554 3244 760 3331 cepionem
803 3243 1015 3310 duodecim
1056 3244 1219 3311 tabulae
1261 3246 1370 3313 intra

225 3348 403 3436 quinque
423 3345 546 3435 pedes
568 3367 657 3410 esse
677 3344 895 3411 noluerunt
918 3346 1096 3433 (noluerint
1110 3352 1192 3423 libri,
1215 3368 1295 3413 corr.
1311 3354 1369 3413 At-

224 3451 334 3538 uatus)
358 3449 493 3537 depasci
515 3456 659 3513 ueterem
680 3446 920 3533 possessionem
935 3447 1123 3513 academiae
1137 3448 1180 3513 ab
1195 3448 1258 3514 hoe
1273 3460 1368 3516 acuto

224 3552 356 3619 homine
383 3574 448 3617 non
470 3551 631 3631 sinemus,
653 3570 714 3613 nee
734 3546 886 3614 Mamilia
907 3549 980 3633 lege
1007 3548 1146 3635 singuli,
1175 3550 1234 3617 sed
1257 3572 1275 3615 e
1298 3550 1368 3615 XII

225 3666 292 3720 tres
314 3653 431 3719 arbitri
451 3653 526 3717 finis
541 3657 716 3736 regemus.'
752 3649 795 3715 ef.
819 3652 960 3715 susacim
977 3652 1055 3715 Obss.
1079 3654 1166 3715 V21.
1189 3656 1369 3731 Rudorsfius

223 3762 256 3821 in
270 3762 382 3820 Απιιαί.
396 3760 498 3818 edent.
515 3758 574 3818 tur.
590 3756 692 3817 Ιιίιίοι.
708 3756 745 3817 Χ
754 3772 788 3833 ρ.
804 3763 877 3816 345.

223 3912 316 3965 dinem
338 3910 412 3962 idern
433 3910 505 3976 quod
523 3907 701 3962 aedificium?
736 3925 762 3974 p.
783 3910 815 3960 16
832 3908 870 3963 M.
890 3906 1026 3961 ‘Ambitus
1048 3910 1158 3976 proprie
1175 3910 1278 3962 dieitur
1296 3912 1369 3963 inter

222 3997 376 4049 uicinorum
394 3992 523 4045 aedificia
540 3994 619 4045 loeus
641 3993 755 4045 duorum
776 3992 877 4060 pedum
901 3998 930 4045 et
951 3994 1099 4062 semipedis
1122 3994 1157 4046 sd
1180 3996 1369 4049 circumeundi

222 4080 388 4133 facultatem
406 4079 529 4133 relictus.
549 4076 598 4143 (id.
617 4079 714 4131 Isidor.
734 4078 782 4132 Or.
798 4078 849 4129 XV
868 4080 908 4141 16,
929 4077 998 4146 12.)’

291 4169 317 4228 3,
337 4168 361 4215 1.
377 4163 484 4215 Ριιιιίιιιι
500 4164 568 4215 Exo.
588 4179 623 4214 ex
640 4164 724 4216 Festo
742 4180 768 4230 p.
783 4166 832 4216 102
849 4162 888 4218 M.
907 4165 1023 4215 ‘Hortus
1043 4164 1115 4231 apud
1134 4166 1262 4231 antiquos
1280 4168 1368 4217 omnis

224 4250 295 4301 uilla
313 4249 469 4313 dicebatur,
488 4246 618 4312 quodibi
636 4249 684 4314 qui
702 4264 779 4299 arma
797 4250 1023 4315 eapere'possiut
1041 4250 1198 4300 orirentur!
1234 4250 1270 4300 οί.
1290 4266 1316 4315 ρ.
1335 4253 1368 4302 99

222 4334 383 4386 ‘Heredium
402 4332 546 4399 praedium
565 4333 730 4397 paruulum!
785 4336 810 4384 2.
827 4333 996 4399 Pomponius
1014 4332 1032 4383 l.
1051 4334 1154 4384 XXXV
1173 4334 1208 4383 ad
1226 4334 1368 4399 Sabinum.

222 4421 287 4487 Dig.
306 4421 348 4481 50,
368 4418 623 4483 16,180‘Tngurii
645 4416 834 4483 appellatione
858 4433 937 4469 omne
960 4417 1131 4481 aedifieium,
1151 4418 1223 4485 quod
1246 4419 1367 4471 rusticae

221 4503 312 4569 magis
330 4502 471 4555 custodiae
490 4501 620 4553 conuenit
639 4518 719 4569 quam
737 4502 851 4553 urbanis
869 4501 984 4553 nedibus
1002 4500 1195 4569 significatur)
1221 4503 1367 4557 ei.1sidor.

223 4588 444 4652 mmmm
