<?xml version="1.0" encoding="UTF-8"?>
<!DOCTYPE html PUBLIC "-//W3C//DTD XHTML 1.0 Transitional//EN"
    "http://www.w3.org/TR/xhtml1/DTD/xhtml1-transitional.dtd">
<html xmlns="http://www.w3.org/1999/xhtml" xml:lang="en" lang="en">
 <head>
  <title>
</title>
<meta http-equiv="Content-Type" content="text/html;charset=utf-8" />
  <meta name='ocr-system' content='tesseract 3.04.00' />
  <meta name='ocr-capabilities' content='ocr_page ocr_carea ocr_par ocr_line ocrx_word'/>
</head>
<body>
  <div class='ocr_page' id='page_1' title='image "./legisdvodecimta01schgoog_0087.png"; bbox 0 0 3409 5409; ppageno 0'>
   <div class='ocr_carea' id='block_1_1' title="bbox 331 455 1051 519">
    <p class='ocr_par' dir='ltr' id='par_1_1' title="bbox 331 455 1051 519">
     <span class='ocr_line' id='line_1_1' title="bbox 331 455 1051 519; baseline -0.019 0"><span class='ocrx_word' id='word_1_1' title='bbox 331 455 373 519; x_wconf 77' lang='lat'>70</span> <span class='ocrx_word' id='word_1_2' title='bbox 751 462 863 509; x_wconf 82' lang='lat' dir='ltr'>csevr</span> <span class='ocrx_word' id='word_1_3' title='bbox 886 460 1051 507; x_wconf 82' lang='lat' dir='ltr'>rearrvn.</span> 
     </span>
    </p>
   </div>
   <div class='ocr_carea' id='block_1_2' title="bbox 330 610 1555 3146">
    <p class='ocr_par' dir='ltr' id='par_1_2' title="bbox 330 610 1503 1297">
     <span class='ocr_line' id='line_1_2' title="bbox 331 610 1503 701; baseline -0.012 -13"><span class='ocrx_word' id='word_1_4' title='bbox 331 620 437 688; x_wconf 80' lang='lat' dir='ltr'>Gellio</span> <span class='ocrx_word' id='word_1_5' title='bbox 453 620 554 685; x_wconf 88' lang='lat' dir='ltr'>citata</span> <span class='ocrx_word' id='word_1_6' title='bbox 569 616 797 701; x_wconf 84' lang='lat' dir='ltr'>coniungenda</span> <span class='ocrx_word' id='word_1_7' title='bbox 819 624 905 679; x_wconf 88' lang='lat' dir='ltr'>sunt.</span> <span class='ocrx_word' id='word_1_8' title='bbox 935 612 1051 700; x_wconf 83' lang='lat' dir='ltr'>Neque</span> <span class='ocrx_word' id='word_1_9' title='bbox 1070 621 1180 677; x_wconf 86' lang='lat' dir='ltr'>tamen</span> <span class='ocrx_word' id='word_1_10' title='bbox 1198 611 1276 677; x_wconf 88' lang='lat' dir='ltr'>inde</span> <span class='ocrx_word' id='word_1_11' title='bbox 1295 634 1373 676; x_wconf 89' lang='lat' dir='ltr'>cum</span> <span class='ocrx_word' id='word_1_12' title='bbox 1389 610 1503 675; x_wconf 78' lang='lat' dir='ltr'>Vals-</span> 
     </span>
     <span class='ocr_line' id='line_1_3' title="bbox 330 713 1502 801; baseline -0.009 -14"><span class='ocrx_word' id='word_1_13' title='bbox 330 723 403 789; x_wconf 92' lang='lat' dir='ltr'>leno</span> <span class='ocrx_word' id='word_1_14' title='bbox 419 720 560 788; x_wconf 89' lang='lat' dir='ltr'>efficiam</span> <span class='ocrx_word' id='word_1_15' title='bbox 575 718 657 785; x_wconf 89' lang='lat' dir='ltr'>duas</span> <span class='ocrx_word' id='word_1_16' title='bbox 670 717 741 783; x_wconf 90' lang='lat' dir='ltr'>XII</span> <span class='ocrx_word' id='word_1_17' title='bbox 752 714 940 782; x_wconf 86' lang='lat' dir='ltr'>tabularum</span> <span class='ocrx_word' id='word_1_18' title='bbox 955 713 1044 801; x_wconf 87' lang='lat' dir='ltr'>leges</span> <span class='ocrx_word' id='word_1_19' title='bbox 1059 714 1108 779; x_wconf 87' lang='lat' dir='ltr'>ita</span> <span class='ocrx_word' id='word_1_20' title='bbox 1121 735 1214 779; x_wconf 88' lang='lat' dir='ltr'>orsas</span> <span class='ocrx_word' id='word_1_21' title='bbox 1230 736 1318 794; x_wconf 87' lang='lat' dir='ltr'>esse,</span> <span class='ocrx_word' id='word_1_22' title='bbox 1335 736 1502 800; x_wconf 83' lang='lat' dir='ltr'>quamm</span> 
     </span>
     <span class='ocr_line' id='line_1_4' title="bbox 331 815 1499 907; baseline -0.009 -18"><span class='ocrx_word' id='word_1_23' title='bbox 331 835 437 891; x_wconf 89' lang='lat' dir='ltr'>utram</span> <span class='ocrx_word' id='word_1_24' title='bbox 452 824 566 889; x_wconf 90' lang='lat' dir='ltr'>Cicero</span> <span class='ocrx_word' id='word_1_25' title='bbox 581 820 735 907; x_wconf 80' lang='lat' dir='ltr'>respiciat</span> <span class='ocrx_word' id='word_1_26' title='bbox 750 818 839 883; x_wconf 89' lang='lat' dir='ltr'>haud</span> <span class='ocrx_word' id='word_1_27' title='bbox 854 818 934 881; x_wconf 84' lang='lat' dir='ltr'>satis</span> <span class='ocrx_word' id='word_1_28' title='bbox 948 815 1090 904; x_wconf 81' lang='lat' dir='ltr'>liquere:</span> <span class='ocrx_word' id='word_1_29' title='bbox 1113 838 1191 881; x_wconf 90' lang='lat' dir='ltr'>nam</span> <span class='ocrx_word' id='word_1_30' title='bbox 1205 815 1367 881; x_wconf 88' lang='lat' dir='ltr'>eiusmodi</span> <span class='ocrx_word' id='word_1_31' title='bbox 1383 837 1499 901; x_wconf 83' lang='lat' dir='ltr'>repe·</span> 
     </span>
     <span class='ocr_line' id='line_1_5' title="bbox 330 916 1498 1005; baseline -0.01 -12"><span class='ocrx_word' id='word_1_32' title='bbox 330 928 479 993; x_wconf 89' lang='lat' dir='ltr'>titionem</span> <span class='ocrx_word' id='word_1_33' title='bbox 494 922 629 991; x_wconf 85' lang='lat' dir='ltr'>obtrudi</span> <span class='ocrx_word' id='word_1_34' title='bbox 643 920 778 985; x_wconf 92' lang='lat' dir='ltr'>minime</span> <span class='ocrx_word' id='word_1_35' title='bbox 793 920 919 1005; x_wconf 89' lang='lat' dir='ltr'>patitur</span> <span class='ocrx_word' id='word_1_36' title='bbox 934 918 1102 984; x_wconf 90' lang='lat' dir='ltr'>succincta</span> <span class='ocrx_word' id='word_1_37' title='bbox 1123 916 1345 983; x_wconf 87' lang='lat' dir='ltr'>decemvirum</span> <span class='ocrx_word' id='word_1_38' title='bbox 1365 916 1498 982; x_wconf 87' lang='lat' dir='ltr'>brevi·</span> 
     </span>
     <span class='ocr_line' id='line_1_6' title="bbox 330 1020 1496 1109; baseline -0.009 -15"><span class='ocrx_word' id='word_1_39' title='bbox 330 1040 392 1094; x_wconf 90' lang='lat' dir='ltr'>tas.</span> <span class='ocrx_word' id='word_1_40' title='bbox 422 1025 489 1092; x_wconf 85' lang='lat' dir='ltr'>Sed</span> <span class='ocrx_word' id='word_1_41' title='bbox 504 1024 648 1091; x_wconf 85' lang='lat' dir='ltr'>Gellium</span> <span class='ocrx_word' id='word_1_42' title='bbox 662 1023 773 1109; x_wconf 89' lang='lat' dir='ltr'>potius</span> <span class='ocrx_word' id='word_1_43' title='bbox 789 1043 881 1088; x_wconf 88' lang='lat' dir='ltr'>sumo</span> <span class='ocrx_word' id='word_1_44' title='bbox 898 1021 1141 1108; x_wconf 73' lang='lat' dir='ltr'>perspicuitatis</span> <span class='ocrx_word' id='word_1_45' title='bbox 1162 1040 1281 1084; x_wconf 89' lang='lat' dir='ltr'>caussa</span> <span class='ocrx_word' id='word_1_46' title='bbox 1301 1040 1345 1084; x_wconf 84' lang='lat' dir='ltr'>ex</span> <span class='ocrx_word' id='word_1_47' title='bbox 1363 1020 1496 1105; x_wconf 87' lang='lat' dir='ltr'>priore</span> 
     </span>
     <span class='ocr_line' id='line_1_7' title="bbox 331 1121 1494 1215; baseline -0.006 -21"><span class='ocrx_word' id='word_1_48' title='bbox 331 1129 404 1215; x_wconf 87' lang='lat' dir='ltr'>lege</span> <span class='ocrx_word' id='word_1_49' title='bbox 418 1137 428 1169; x_wconf 68' lang='lat' dir='ltr'>e</span> <span class='ocrx_word' id='word_1_50' title='bbox 436 1134 464 1193; x_wconf 85' lang='lat' dir='ltr'>si</span> <span class='ocrx_word' id='word_1_51' title='bbox 475 1134 507 1193; x_wconf 82' lang='lat' dir='ltr'>ta</span> <span class='ocrx_word' id='word_1_52' title='bbox 521 1134 569 1193; x_wconf 78' lang='lat' dir='ltr'>ius</span> <span class='ocrx_word' id='word_1_53' title='bbox 583 1138 681 1203; x_wconf 77' lang='grc' dir='ltr'>υοεαι,</span> <span class='ocrx_word' id='word_1_54' title='bbox 697 1130 754 1189; x_wconf 79' lang='lat' dir='ltr'>ito&#39;</span> <span class='ocrx_word' id='word_1_55' title='bbox 771 1172 778 1187; x_wconf 95' lang='lat'>.</span> <span class='ocrx_word' id='word_1_56' title='bbox 796 1172 803 1187; x_wconf 93' lang='lat'>.</span> <span class='ocrx_word' id='word_1_57' title='bbox 824 1124 889 1189; x_wconf 90' lang='lat' dir='ltr'>ista</span> <span class='ocrx_word' id='word_1_58' title='bbox 904 1123 1008 1188; x_wconf 85' lang='lat' dir='ltr'>verba</span> <span class='ocrx_word' id='word_1_59' title='bbox 1022 1122 1065 1187; x_wconf 88' lang='lat' dir='ltr'>ad</span> <span class='ocrx_word' id='word_1_60' title='bbox 1081 1121 1218 1189; x_wconf 88' lang='lat' dir='ltr'>alteram</span> <span class='ocrx_word' id='word_1_61' title='bbox 1232 1142 1361 1208; x_wconf 89' lang='lat' dir='ltr'>quoque</span> <span class='ocrx_word' id='word_1_62' title='bbox 1381 1142 1494 1187; x_wconf 88' lang='lat' dir='ltr'>revo-</span> 
     </span>
     <span class='ocr_line' id='line_1_8' title="bbox 332 1236 597 1297; baseline 0 0"><span class='ocrx_word' id='word_1_63' title='bbox 332 1250 437 1297; x_wconf 86' lang='lat' dir='ltr'>casse.</span> <span class='ocrx_word' id='word_1_64' title='bbox 593 1236 597 1245; x_wconf 77' lang='grc'><em>’</em></span> 
     </span>
    </p>

    <p class='ocr_par' dir='ltr' id='par_1_3' title="bbox 331 1326 1555 3146">
     <span class='ocr_line' id='line_1_9' title="bbox 416 1326 1490 1415; baseline -0.006 -19"><span class='ocrx_word' id='word_1_65' title='bbox 416 1330 488 1397; x_wconf 89' lang='lat' dir='ltr'>Iam</span> <span class='ocrx_word' id='word_1_66' title='bbox 503 1350 581 1397; x_wconf 90' lang='lat' dir='ltr'>vero</span> <span class='ocrx_word' id='word_1_67' title='bbox 593 1350 667 1395; x_wconf 92' lang='lat' dir='ltr'>cum</span> <span class='ocrx_word' id='word_1_68' title='bbox 679 1350 720 1393; x_wconf 84' lang='lat' dir='ltr'>ex</span> <span class='ocrx_word' id='word_1_69' title='bbox 731 1327 938 1415; x_wconf 78' lang='lat' dir='ltr'>paucissimis</span> <span class='ocrx_word' id='word_1_70' title='bbox 950 1329 1095 1414; x_wconf 89' lang='lat' dir='ltr'>ipsorum</span> <span class='ocrx_word' id='word_1_71' title='bbox 1107 1337 1256 1393; x_wconf 88' lang='lat' dir='ltr'>veterum</span> <span class='ocrx_word' id='word_1_72' title='bbox 1266 1326 1490 1405; x_wconf 88' lang='lat' dir='ltr'>testimoniis,</span> 
     </span>
     <span class='ocr_line' id='line_1_10' title="bbox 331 1428 1491 1514; baseline -0.005 -15"><span class='ocrx_word' id='word_1_73' title='bbox 331 1432 417 1499; x_wconf 90' lang='lat' dir='ltr'>unde</span> <span class='ocrx_word' id='word_1_74' title='bbox 444 1431 486 1497; x_wconf 88' lang='lat' dir='ltr'>dc</span> <span class='ocrx_word' id='word_1_75' title='bbox 510 1432 607 1497; x_wconf 91' lang='lat' dir='ltr'>unius</span> <span class='ocrx_word' id='word_1_76' title='bbox 634 1430 813 1497; x_wconf 79' lang='lat' dir='ltr'>alteriusve</span> <span class='ocrx_word' id='word_1_77' title='bbox 838 1430 1015 1514; x_wconf 85' lang='lat' dir='ltr'>fragmenti</span> <span class='ocrx_word' id='word_1_78' title='bbox 1038 1430 1116 1495; x_wconf 88' lang='lat' dir='ltr'>sedo</span> <span class='ocrx_word' id='word_1_79' title='bbox 1141 1429 1295 1494; x_wconf 82' lang='lat' dir='ltr'>certiores</span> <span class='ocrx_word' id='word_1_80' title='bbox 1318 1428 1400 1493; x_wconf 86' lang='lat' dir='ltr'>facti</span> <span class='ocrx_word' id='word_1_81' title='bbox 1425 1451 1491 1493; x_wconf 85' lang='lat' dir='ltr'>su-</span> 
     </span>
     <span class='ocr_line' id='line_1_11' title="bbox 332 1529 1490 1620; baseline -0.003 -21"><span class='ocrx_word' id='word_1_82' title='bbox 332 1556 404 1601; x_wconf 89' lang='lat' dir='ltr'>mus</span> <span class='ocrx_word' id='word_1_83' title='bbox 414 1535 449 1620; x_wconf 88' lang='lat'>¹),</span> <span class='ocrx_word' id='word_1_84' title='bbox 465 1533 506 1599; x_wconf 90' lang='lat' dir='ltr'>de</span> <span class='ocrx_word' id='word_1_85' title='bbox 520 1532 675 1599; x_wconf 84' lang='lat' dir='ltr'>universo</span> <span class='ocrx_word' id='word_1_86' title='bbox 698 1532 808 1618; x_wconf 83' lang='lat' dir='ltr'>legum</span> <span class='ocrx_word' id='word_1_87' title='bbox 830 1532 943 1597; x_wconf 89' lang='lat' dir='ltr'>ordine</span> <span class='ocrx_word' id='word_1_88' title='bbox 964 1552 1119 1617; x_wconf 91' lang='lat' dir='ltr'>umquam</span> <span class='ocrx_word' id='word_1_89' title='bbox 1139 1529 1341 1595; x_wconf 88' lang='lat' dir='ltr'>restituendo</span> <span class='ocrx_word' id='word_1_90' title='bbox 1362 1529 1490 1617; x_wconf 85' lang='lat' dir='ltr'>despe-</span> 
     </span>
     <span class='ocr_line' id='line_1_12' title="bbox 334 1631 1490 1719; baseline -0.003 -17"><span class='ocrx_word' id='word_1_91' title='bbox 334 1634 474 1702; x_wconf 89' lang='lat' dir='ltr'>randum</span> <span class='ocrx_word' id='word_1_92' title='bbox 489 1636 549 1719; x_wconf 89' lang='lat' dir='ltr'>sit,</span> <span class='ocrx_word' id='word_1_93' title='bbox 571 1656 645 1700; x_wconf 87' lang='lat' dir='ltr'>cum</span> <span class='ocrx_word' id='word_1_94' title='bbox 665 1645 774 1700; x_wconf 86' lang='lat' dir='ltr'>tamen</span> <span class='ocrx_word' id='word_1_95' title='bbox 794 1635 837 1699; x_wconf 90' lang='lat' dir='ltr'>ad</span> <span class='ocrx_word' id='word_1_96' title='bbox 853 1631 996 1719; x_wconf 84' lang='lat' dir='ltr'>aliquam</span> <span class='ocrx_word' id='word_1_97' title='bbox 1011 1642 1100 1719; x_wconf 84' lang='lat' dir='ltr'>certe</span> <span class='ocrx_word' id='word_1_98' title='bbox 1114 1655 1262 1699; x_wconf 88' lang='lat' dir='ltr'>normam</span> <span class='ocrx_word' id='word_1_99' title='bbox 1277 1654 1414 1698; x_wconf 88' lang='lat' dir='ltr'>necesse</span> <span class='ocrx_word' id='word_1_100' title='bbox 1434 1632 1490 1699; x_wconf 84' lang='lat' dir='ltr'>sit</span> 
     </span>
     <span class='ocr_line' id='line_1_13' title="bbox 335 1734 1487 1823; baseline -0.003 -20"><span class='ocrx_word' id='word_1_101' title='bbox 335 1738 520 1821; x_wconf 82' lang='lat' dir='ltr'>fragmenta</span> <span class='ocrx_word' id='word_1_102' title='bbox 545 1737 693 1823; x_wconf 86' lang='lat' dir='ltr'>disponi,</span> <span class='ocrx_word' id='word_1_103' title='bbox 721 1748 754 1801; x_wconf 91' lang='lat' dir='ltr'>et</span> <span class='ocrx_word' id='word_1_104' title='bbox 779 1737 980 1801; x_wconf 89' lang='lat' dir='ltr'>tutissimum</span> <span class='ocrx_word' id='word_1_105' title='bbox 1004 1736 1114 1800; x_wconf 86' lang='lat' dir='ltr'>visum</span> <span class='ocrx_word' id='word_1_106' title='bbox 1138 1747 1189 1801; x_wconf 90' lang='lat' dir='ltr'>est</span> <span class='ocrx_word' id='word_1_107' title='bbox 1213 1745 1247 1801; x_wconf 91' lang='lat' dir='ltr'>et</span> <span class='ocrx_word' id='word_1_108' title='bbox 1270 1734 1487 1821; x_wconf 85' lang='lat' dir='ltr'>aptissimum</span> 
     </span>
     <span class='ocr_line' id='line_1_14' title="bbox 333 1836 1555 1924; baseline -0.002 -21"><span class='ocrx_word' id='word_1_109' title='bbox 333 1837 495 1903; x_wconf 88' lang='lat' dir='ltr'>Dirkseni</span> <span class='ocrx_word' id='word_1_110' title='bbox 510 1838 657 1903; x_wconf 83' lang='lat' dir='ltr'>ordinem</span> <span class='ocrx_word' id='word_1_111' title='bbox 672 1838 813 1903; x_wconf 89' lang='lat' dir='ltr'>retinere</span> <span class='ocrx_word' id='word_1_112' title='bbox 834 1850 867 1903; x_wconf 92' lang='lat' dir='ltr'>et</span> <span class='ocrx_word' id='word_1_113' title='bbox 887 1836 1053 1903; x_wconf 87' lang='lat' dir='ltr'>subtiliter</span> <span class='ocrx_word' id='word_1_114' title='bbox 1067 1838 1291 1923; x_wconf 82' lang='lat' dir='ltr'>excogitatum</span> <span class='ocrx_word' id='word_1_115' title='bbox 1311 1846 1345 1901; x_wconf 88' lang='lat' dir='ltr'>et</span> <span class='ocrx_word' id='word_1_116' title='bbox 1358 1836 1485 1924; x_wconf 86' lang='lat' dir='ltr'>proba·</span> <span class='ocrx_word' id='word_1_117' title='bbox 1551 1882 1555 1885; x_wconf 86' lang='lat'><em>-</em></span> 
     </span>
     <span class='ocr_line' id='line_1_15' title="bbox 331 1938 1483 2024; baseline -0.003 -17"><span class='ocrx_word' id='word_1_118' title='bbox 331 1938 443 2007; x_wconf 86' lang='lat' dir='ltr'>biliter</span> <span class='ocrx_word' id='word_1_119' title='bbox 464 1938 687 2005; x_wconf 85' lang='lat' dir='ltr'>observatum.</span> <span class='ocrx_word' id='word_1_120' title='bbox 728 1938 842 2024; x_wconf 84' lang='lat' dir='ltr'>Neque</span> <span class='ocrx_word' id='word_1_121' title='bbox 863 1939 949 2003; x_wconf 88' lang='lat' dir='ltr'>enirn</span> <span class='ocrx_word' id='word_1_122' title='bbox 968 1961 1078 2004; x_wconf 89' lang='lat' dir='ltr'>meum</span> <span class='ocrx_word' id='word_1_123' title='bbox 1096 1948 1148 2005; x_wconf 89' lang='lat' dir='ltr'>est</span> <span class='ocrx_word' id='word_1_124' title='bbox 1172 1960 1292 2004; x_wconf 87' lang='lat' dir='ltr'>novam</span> <span class='ocrx_word' id='word_1_125' title='bbox 1314 1939 1483 2005; x_wconf 87' lang='lat' dir='ltr'>rationem</span> 
     </span>
     <span class='ocr_line' id='line_1_16' title="bbox 332 2040 1483 2127; baseline 0 -22"><span class='ocrx_word' id='word_1_126' title='bbox 332 2060 504 2127; x_wconf 85' lang='lat' dir='ltr'>quaerero,</span> <span class='ocrx_word' id='word_1_127' title='bbox 519 2048 553 2105; x_wconf 93' lang='lat' dir='ltr'>et</span> <span class='ocrx_word' id='word_1_128' title='bbox 567 2040 698 2106; x_wconf 91' lang='lat' dir='ltr'>omnino</span> <span class='ocrx_word' id='word_1_129' title='bbox 713 2050 861 2127; x_wconf 88' lang='lat' dir='ltr'>praestat</span> <span class='ocrx_word' id='word_1_130' title='bbox 881 2041 917 2104; x_wconf 92' lang='lat' dir='ltr'>in</span> <span class='ocrx_word' id='word_1_131' title='bbox 932 2041 983 2105; x_wconf 91' lang='lat' dir='ltr'>his</span> <span class='ocrx_word' id='word_1_132' title='bbox 1007 2041 1081 2106; x_wconf 91' lang='lat' dir='ltr'>usui</span> <span class='ocrx_word' id='word_1_133' title='bbox 1102 2062 1200 2127; x_wconf 88' lang='lat' dir='ltr'>quam</span> <span class='ocrx_word' id='word_1_134' title='bbox 1220 2040 1341 2106; x_wconf 83' lang='lat' dir='ltr'>rationi</span> <span class='ocrx_word' id='word_1_135' title='bbox 1361 2062 1483 2106; x_wconf 83' lang='lat' dir='ltr'>consu·</span> 
     </span>
     <span class='ocr_line' id='line_1_17' title="bbox 333 2140 1483 2230; baseline 0 -23"><span class='ocrx_word' id='word_1_136' title='bbox 333 2142 410 2209; x_wconf 88' lang='lat' dir='ltr'>lere.</span> <span class='ocrx_word' id='word_1_137' title='bbox 426 2140 541 2229; x_wconf 85' lang='lat' dir='ltr'>Itaque</span> <span class='ocrx_word' id='word_1_138' title='bbox 555 2142 619 2207; x_wconf 88' lang='lat' dir='ltr'>nisi</span> <span class='ocrx_word' id='word_1_139' title='bbox 634 2142 670 2205; x_wconf 94' lang='lat' dir='ltr'>in</span> <span class='ocrx_word' id='word_1_140' title='bbox 685 2142 731 2208; x_wconf 87' lang='lat' dir='ltr'>eis</span> <span class='ocrx_word' id='word_1_141' title='bbox 747 2164 830 2230; x_wconf 88' lang='lat' dir='ltr'>quae</span> <span class='ocrx_word' id='word_1_142' title='bbox 846 2164 947 2230; x_wconf 88' lang='lat' dir='ltr'>supra</span> <span class='ocrx_word' id='word_1_143' title='bbox 957 2144 1067 2208; x_wconf 90' lang='lat' dir='ltr'>monui</span> <span class='ocrx_word' id='word_1_144' title='bbox 1078 2141 1132 2209; x_wconf 84' lang='lat' dir='ltr'>vel</span> <span class='ocrx_word' id='word_1_145' title='bbox 1142 2164 1278 2230; x_wconf 89' lang='lat' dir='ltr'>prorsus</span> <span class='ocrx_word' id='word_1_146' title='bbox 1290 2142 1483 2207; x_wconf 87' lang='lat' dir='ltr'>abiicienda</span> 
     </span>
     <span class='ocr_line' id='line_1_18' title="bbox 333 2242 1480 2331; baseline 0.001 -24"><span class='ocrx_word' id='word_1_147' title='bbox 333 2242 386 2308; x_wconf 89' lang='lat' dir='ltr'>vel</span> <span class='ocrx_word' id='word_1_148' title='bbox 400 2242 555 2309; x_wconf 87' lang='lat' dir='ltr'>addenda</span> <span class='ocrx_word' id='word_1_149' title='bbox 569 2242 623 2309; x_wconf 89' lang='lat' dir='ltr'>vel</span> <span class='ocrx_word' id='word_1_150' title='bbox 638 2264 713 2307; x_wconf 92' lang='lat' dir='ltr'>cum</span> <span class='ocrx_word' id='word_1_151' title='bbox 727 2244 801 2309; x_wconf 89' lang='lat' dir='ltr'>aliis</span> <span class='ocrx_word' id='word_1_152' title='bbox 818 2244 1048 2330; x_wconf 86' lang='lat' dir='ltr'>coniungenda</span> <span class='ocrx_word' id='word_1_153' title='bbox 1062 2266 1152 2325; x_wconf 87' lang='lat' dir='ltr'>esse,</span> <span class='ocrx_word' id='word_1_154' title='bbox 1167 2266 1347 2331; x_wconf 80' lang='lat' dir='ltr'>numquam</span> <span class='ocrx_word' id='word_1_155' title='bbox 1362 2244 1406 2309; x_wconf 90' lang='lat' dir='ltr'>ab</span> <span class='ocrx_word' id='word_1_156' title='bbox 1420 2242 1480 2308; x_wconf 94' lang='lat' dir='ltr'>illo</span> 
     </span>
     <span class='ocr_line' id='line_1_19' title="bbox 334 2344 1480 2433; baseline -0.001 -22"><span class='ocrx_word' id='word_1_157' title='bbox 334 2344 502 2411; x_wconf 83' lang='lat' dir='ltr'>discedere</span> <span class='ocrx_word' id='word_1_158' title='bbox 516 2344 667 2431; x_wconf 85' lang='lat' dir='ltr'>religioni</span> <span class='ocrx_word' id='word_1_159' title='bbox 681 2346 794 2432; x_wconf 86' lang='lat' dir='ltr'>habui,</span> <span class='ocrx_word' id='word_1_160' title='bbox 811 2370 851 2427; x_wconf 87' lang='lat' dir='ltr'>ne</span> <span class='ocrx_word' id='word_1_161' title='bbox 868 2357 938 2413; x_wconf 89' lang='lat' dir='ltr'>tum</span> <span class='ocrx_word' id='word_1_162' title='bbox 953 2346 1097 2433; x_wconf 85' lang='lat' dir='ltr'>quidem,</span> <span class='ocrx_word' id='word_1_163' title='bbox 1113 2347 1141 2411; x_wconf 91' lang='lat' dir='ltr'>si</span> <span class='ocrx_word' id='word_1_164' title='bbox 1157 2344 1289 2432; x_wconf 91' lang='lat' dir='ltr'>quando</span> <span class='ocrx_word' id='word_1_165' title='bbox 1304 2346 1388 2412; x_wconf 90' lang='lat' dir='ltr'>ratio</span> <span class='ocrx_word' id='word_1_166' title='bbox 1403 2368 1480 2410; x_wconf 90' lang='lat' dir='ltr'>enm</span> 
     </span>
     <span class='ocr_line' id='line_1_20' title="bbox 334 2444 1480 2537; baseline 0 -26"><span class='ocrx_word' id='word_1_167' title='bbox 334 2444 491 2512; x_wconf 83' lang='lat' dir='ltr'>fefellisse</span> <span class='ocrx_word' id='word_1_168' title='bbox 505 2446 683 2513; x_wconf 84' lang='lat' dir='ltr'>videretur.</span> <span class='ocrx_word' id='word_1_169' title='bbox 713 2450 766 2515; x_wconf 89' lang='lat' dir='ltr'>Ita</span> <span class='ocrx_word' id='word_1_170' title='bbox 781 2448 869 2537; x_wconf 90' lang='lat' dir='ltr'>quod</span> <span class='ocrx_word' id='word_1_171' title='bbox 883 2448 937 2514; x_wconf 88' lang='grc' dir='ltr'>ΙΙΙ</span> <span class='ocrx_word' id='word_1_172' title='bbox 952 2450 971 2513; x_wconf 78' lang='lat' dir='ltr'>l</span> <span class='ocrx_word' id='word_1_173' title='bbox 988 2448 1163 2515; x_wconf 88' lang='lat' dir='ltr'>collocavit</span> <span class='ocrx_word' id='word_1_174' title='bbox 1182 2452 1348 2513; x_wconf 59' lang='lat' dir='ltr'>‘Adversas</span> <span class='ocrx_word' id='word_1_175' title='bbox 1366 2452 1480 2512; x_wconf 70' lang='lat' dir='ltr'>lemma</span> 
     </span>
     <span class='ocr_line' id='line_1_21' title="bbox 335 2547 1479 2638; baseline 0.001 -25"><span class='ocrx_word' id='word_1_176' title='bbox 335 2558 458 2625; x_wconf 78' lang='lat' dir='ltr'>oetema</span> <span class='ocrx_word' id='word_1_177' title='bbox 473 2556 652 2615; x_wconf 70' lang='lat' dir='ltr'>cucwmus&#39;</span> <span class='ocrx_word' id='word_1_178' title='bbox 666 2548 704 2635; x_wconf 85' lang='lat'>²),</span> <span class='ocrx_word' id='word_1_179' title='bbox 721 2552 882 2638; x_wconf 86' lang='lat' dir='ltr'>exipsius</span> <span class='ocrx_word' id='word_1_180' title='bbox 898 2550 1036 2616; x_wconf 88' lang='lat' dir='ltr'>consilio</span> <span class='ocrx_word' id='word_1_181' title='bbox 1057 2562 1198 2616; x_wconf 86' lang='lat' dir='ltr'>sextae</span> <span class='ocrx_word' id='word_1_182' title='bbox 1218 2550 1329 2637; x_wconf 89' lang='lat' dir='ltr'>potius</span> <span class='ocrx_word' id='word_1_183' title='bbox 1343 2547 1479 2615; x_wconf 87' lang='lat' dir='ltr'>tabulae</span> 
     </span>
     <span class='ocr_line' id='line_1_22' title="bbox 333 2649 1479 2740; baseline -0.001 -25"><span class='ocrx_word' id='word_1_184' title='bbox 333 2672 408 2715; x_wconf 91' lang='lat' dir='ltr'>cum</span> <span class='ocrx_word' id='word_1_185' title='bbox 423 2650 540 2717; x_wconf 87' lang='lat' dir='ltr'>ceteris</span> <span class='ocrx_word' id='word_1_186' title='bbox 557 2652 599 2717; x_wconf 90' lang='lat' dir='ltr'>de</span> <span class='ocrx_word' id='word_1_187' title='bbox 612 2652 811 2737; x_wconf 88' lang='lat' dir='ltr'>usucapione</span> <span class='ocrx_word' id='word_1_188' title='bbox 826 2654 1010 2740; x_wconf 84' lang='lat' dir='ltr'>praeceptis</span> <span class='ocrx_word' id='word_1_189' title='bbox 1027 2654 1128 2719; x_wconf 92' lang='lat' dir='ltr'>tribui</span> <span class='ocrx_word' id='word_1_190' title='bbox 1144 2652 1298 2718; x_wconf 88' lang='lat' dir='ltr'>debebat.</span> <span class='ocrx_word' id='word_1_191' title='bbox 1314 2649 1377 2715; x_wconf 88' lang='lat' dir='ltr'>Illa</span> <span class='ocrx_word' id='word_1_192' title='bbox 1391 2651 1479 2715; x_wconf 89' lang='lat' dir='ltr'>enim</span> 
     </span>
     <span class='ocr_line' id='line_1_23' title="bbox 334 2748 1476 2840; baseline 0 -22"><span class='ocrx_word' id='word_1_193' title='bbox 334 2748 505 2819; x_wconf 88' lang='lat' dir='ltr'>collocatio</span> <span class='ocrx_word' id='word_1_194' title='bbox 544 2762 581 2817; x_wconf 91' lang='lat' dir='ltr'>ut</span> <span class='ocrx_word' id='word_1_195' title='bbox 617 2776 683 2819; x_wconf 90' lang='lat' dir='ltr'>non</span> <span class='ocrx_word' id='word_1_196' title='bbox 719 2752 909 2821; x_wconf 85' lang='lat' dir='ltr'>defenditur</span> <span class='ocrx_word' id='word_1_197' title='bbox 951 2756 1049 2819; x_wconf 89' lang='lat' dir='ltr'>nimis</span> <span class='ocrx_word' id='word_1_198' title='bbox 1089 2754 1240 2840; x_wconf 89' lang='lat' dir='ltr'>quaesito</span> <span class='ocrx_word' id='word_1_199' title='bbox 1283 2760 1476 2839; x_wconf 79' lang='lat' dir='ltr'>argumento</span> 
     </span>
     <span class='ocr_line' id='line_1_24' title="bbox 334 2852 1477 2943; baseline 0.001 -26"><span class='ocrx_word' id='word_1_200' title='bbox 334 2874 366 2938; x_wconf 91' lang='lat' dir='ltr'>p.</span> <span class='ocrx_word' id='word_1_201' title='bbox 380 2852 443 2917; x_wconf 83' lang='lat'>222</span> <span class='ocrx_word' id='word_1_202' title='bbox 458 2875 516 2941; x_wconf 68' lang='lat' dir='ltr'>sq„</span> <span class='ocrx_word' id='word_1_203' title='bbox 533 2854 580 2919; x_wconf 89' lang='lat' dir='ltr'>ita</span> <span class='ocrx_word' id='word_1_204' title='bbox 595 2876 636 2919; x_wconf 91' lang='lat' dir='ltr'>ne</span> <span class='ocrx_word' id='word_1_205' title='bbox 652 2855 723 2941; x_wconf 87' lang='lat' dir='ltr'>ipso</span> <span class='ocrx_word' id='word_1_206' title='bbox 739 2856 871 2941; x_wconf 87' lang='lat' dir='ltr'>quidem</span> <span class='ocrx_word' id='word_1_207' title='bbox 887 2880 951 2943; x_wconf 92' lang='lat' dir='ltr'>quo</span> <span class='ocrx_word' id='word_1_208' title='bbox 972 2856 1122 2921; x_wconf 88' lang='lat' dir='ltr'>innititur</span> <span class='ocrx_word' id='word_1_209' title='bbox 1136 2856 1202 2921; x_wconf 83' lang='lat' dir='ltr'>Gai</span> <span class='ocrx_word' id='word_1_210' title='bbox 1216 2854 1289 2922; x_wconf 92' lang='lat' dir='ltr'>loco</span> <span class='ocrx_word' id='word_1_211' title='bbox 1304 2854 1405 2920; x_wconf 90' lang='lat' dir='ltr'>fidem</span> <span class='ocrx_word' id='word_1_212' title='bbox 1426 2873 1477 2926; x_wconf 84' lang='lat' dir='ltr'>ae-</span> 
     </span>
     <span class='ocr_line' id='line_1_25' title="bbox 335 2954 1475 3042; baseline 0.004 -25"><span class='ocrx_word' id='word_1_213' title='bbox 335 2954 427 3041; x_wconf 89' lang='lat' dir='ltr'>cipit.</span> <span class='ocrx_word' id='word_1_214' title='bbox 458 2954 523 3036; x_wconf 77' lang='lat' dir='ltr'>Qui</span> <span class='ocrx_word' id='word_1_215' title='bbox 549 2978 623 3021; x_wconf 90' lang='lat' dir='ltr'>cum</span> <span class='ocrx_word' id='word_1_216' title='bbox 648 2958 683 3020; x_wconf 91' lang='lat' dir='ltr'>in</span> <span class='ocrx_word' id='word_1_217' title='bbox 707 2956 792 3021; x_wconf 92' lang='lat' dir='ltr'>libro</span> <span class='ocrx_word' id='word_1_218' title='bbox 818 2956 852 3021; x_wconf 96' lang='lat' dir='ltr'>II</span> <span class='ocrx_word' id='word_1_219' title='bbox 879 2957 921 3021; x_wconf 88' lang='lat' dir='ltr'>ad</span> <span class='ocrx_word' id='word_1_220' title='bbox 942 2957 1053 3042; x_wconf 84' lang='lat' dir='ltr'>legem</span> <span class='ocrx_word' id='word_1_221' title='bbox 1066 2957 1136 3022; x_wconf 91' lang='lat' dir='ltr'>XII</span> <span class='ocrx_word' id='word_1_222' title='bbox 1157 2957 1403 3041; x_wconf 78' lang='lat' dir='ltr'>tebb.(1).50,</span> <span class='ocrx_word' id='word_1_223' title='bbox 1426 2956 1475 3040; x_wconf 89' lang='grc'>16,</span> 
     </span>
     <span class='ocr_line' id='line_1_26' title="bbox 334 3054 1475 3146; baseline 0.006 -26"><span class='ocrx_word' id='word_1_224' title='bbox 334 3054 398 3121; x_wconf 84' lang='grc'>234</span> <span class='ocrx_word' id='word_1_225' title='bbox 412 3062 477 3143; x_wconf 88' lang='lat' dir='ltr'>pr.)</span> <span class='ocrx_word' id='word_1_226' title='bbox 495 3061 606 3122; x_wconf 70' lang='lat' dir='ltr'>‘tosus’</span> <span class='ocrx_word' id='word_1_227' title='bbox 621 3056 787 3123; x_wconf 87' lang='lat' dir='ltr'>notionem</span> <span class='ocrx_word' id='word_1_228' title='bbox 808 3057 1054 3146; x_wconf 72' lang='lat' dir='ltr'>explanarent,</span> <span class='ocrx_word' id='word_1_229' title='bbox 1076 3060 1111 3124; x_wconf 92' lang='lat' dir='ltr'>id</span> <span class='ocrx_word' id='word_1_230' title='bbox 1132 3059 1203 3123; x_wconf 91' lang='lat' dir='ltr'>sine</span> <span class='ocrx_word' id='word_1_231' title='bbox 1223 3058 1326 3126; x_wconf 88' lang='lat' dir='ltr'>dubio</span> <span class='ocrx_word' id='word_1_232' title='bbox 1347 3080 1386 3126; x_wconf 91' lang='lat' dir='ltr'>eo</span> <span class='ocrx_word' id='word_1_233' title='bbox 1406 3058 1475 3127; x_wconf 83' lang='lat' dir='ltr'>loco</span> 
     </span>
    </p>
   </div>
   <div class='ocr_carea' id='block_1_3' title="bbox 334 3313 1474 4558">
    <p class='ocr_par' dir='ltr' id='par_1_4' title="bbox 334 3313 1474 4318">
     <span class='ocr_line' id='line_1_27' title="bbox 404 3313 1474 3385; baseline 0.002 -18"><span class='ocrx_word' id='word_1_234' title='bbox 404 3313 423 3379; x_wconf 92' lang='lat'>¹)</span> <span class='ocrx_word' id='word_1_235' title='bbox 442 3313 512 3367; x_wconf 82' lang='lat' dir='ltr'>Sunt</span> <span class='ocrx_word' id='word_1_236' title='bbox 535 3318 627 3367; x_wconf 85' lang='lat' dir='ltr'>autem</span> <span class='ocrx_word' id='word_1_237' title='bbox 651 3320 763 3382; x_wconf 89' lang='lat' dir='ltr'>praeter</span> <span class='ocrx_word' id='word_1_238' title='bbox 782 3314 926 3369; x_wconf 81' lang='lat' dir='ltr'>Ciceronis</span> <span class='ocrx_word' id='word_1_239' title='bbox 949 3318 1038 3369; x_wconf 91' lang='lat' dir='ltr'>locum</span> <span class='ocrx_word' id='word_1_240' title='bbox 1061 3317 1141 3369; x_wconf 88' lang='lat' dir='ltr'>modo</span> <span class='ocrx_word' id='word_1_241' title='bbox 1162 3323 1342 3370; x_wconf 88' lang='lat' dir='ltr'>memoratum</span> <span class='ocrx_word' id='word_1_242' title='bbox 1365 3317 1399 3369; x_wconf 88' lang='lat' dir='ltr'>de</span> <span class='ocrx_word' id='word_1_243' title='bbox 1422 3318 1474 3385; x_wconf 73' lang='lat' dir='ltr'>leg.</span> 
     </span>
     <span class='ocr_line' id='line_1_28' title="bbox 335 3398 1473 3467; baseline 0.002 -15"><span class='ocrx_word' id='word_1_244' title='bbox 335 3401 404 3464; x_wconf 85' lang='lat'>114,</span> <span class='ocrx_word' id='word_1_245' title='bbox 424 3403 440 3453; x_wconf 83' lang='grc'>9</span> <span class='ocrx_word' id='word_1_246' title='bbox 459 3398 508 3465; x_wconf 86' lang='lat' dir='ltr'>(ci.</span> <span class='ocrx_word' id='word_1_247' title='bbox 533 3400 568 3452; x_wconf 90' lang='lat' dir='ltr'>sd</span> <span class='ocrx_word' id='word_1_248' title='bbox 585 3400 706 3456; x_wconf 87' lang='lat' dir='ltr'>Herenn.</span> <span class='ocrx_word' id='word_1_249' title='bbox 726 3402 752 3453; x_wconf 91' lang='lat'>11</span> <span class='ocrx_word' id='word_1_250' title='bbox 772 3404 812 3467; x_wconf 83' lang='lat'>13,</span> <span class='ocrx_word' id='word_1_251' title='bbox 833 3402 875 3467; x_wconf 76' lang='lat'>19)</span> <span class='ocrx_word' id='word_1_252' title='bbox 898 3402 969 3454; x_wconf 88' lang='lat' dir='ltr'>nude</span> <span class='ocrx_word' id='word_1_253' title='bbox 992 3402 1027 3455; x_wconf 89' lang='lat' dir='ltr'>de</span> <span class='ocrx_word' id='word_1_254' title='bbox 1049 3404 1129 3454; x_wconf 88' lang='lat' dir='ltr'>initio</span> <span class='ocrx_word' id='word_1_255' title='bbox 1148 3407 1271 3467; x_wconf 79' lang='lat' dir='ltr'>constat,</span> <span class='ocrx_word' id='word_1_256' title='bbox 1295 3407 1324 3454; x_wconf 89' lang='lat' dir='ltr'>st</span> <span class='ocrx_word' id='word_1_257' title='bbox 1341 3403 1421 3454; x_wconf 79' lang='lat' dir='ltr'>Festi</span> <span class='ocrx_word' id='word_1_258' title='bbox 1442 3403 1473 3454; x_wconf 89' lang='lat' dir='ltr'>de</span> 
     </span>
     <span class='ocr_line' id='line_1_29' title="bbox 335 3485 1473 3555; baseline 0.003 -19"><span class='ocrx_word' id='word_1_259' title='bbox 335 3486 443 3537; x_wconf 83' lang='lat' dir='ltr'>caussis</span> <span class='ocrx_word' id='word_1_260' title='bbox 465 3485 521 3538; x_wconf 87' lang='lat' dir='ltr'>diei</span> <span class='ocrx_word' id='word_1_261' title='bbox 544 3486 711 3538; x_wconf 82' lang='lat' dir='ltr'>diffeudendi</span> <span class='ocrx_word' id='word_1_262' title='bbox 735 3488 764 3537; x_wconf 90' lang='lat' dir='ltr'>iu</span> <span class='ocrx_word' id='word_1_263' title='bbox 782 3488 813 3538; x_wconf 87' lang='lat' dir='ltr'>T.</span> <span class='ocrx_word' id='word_1_264' title='bbox 832 3488 861 3538; x_wconf 93' lang='lat'>11</span> <span class='ocrx_word' id='word_1_265' title='bbox 883 3489 988 3539; x_wconf 87' lang='lat' dir='ltr'>notatis</span> <span class='ocrx_word' id='word_1_266' title='bbox 1011 3489 1097 3541; x_wconf 73' lang='lat' dir='ltr'>heser</span> <span class='ocrx_word' id='word_1_267' title='bbox 1120 3489 1235 3555; x_wconf 79' lang='lat' dir='ltr'>Dionys.</span> <span class='ocrx_word' id='word_1_268' title='bbox 1253 3488 1319 3540; x_wconf 87' lang='lat' dir='ltr'>Hal.</span> <span class='ocrx_word' id='word_1_269' title='bbox 1341 3488 1421 3540; x_wconf 78' lang='grc'>1127</span> <span class='ocrx_word' id='word_1_270' title='bbox 1442 3488 1473 3539; x_wconf 89' lang='lat' dir='ltr'>de</span> 
     </span>
     <span class='ocr_line' id='line_1_30' title="bbox 334 3569 1473 3639; baseline 0.003 -18"><span class='ocrx_word' id='word_1_271' title='bbox 334 3569 510 3623; x_wconf 77' lang='lat' dir='ltr'>filiifamilias</span> <span class='ocrx_word' id='word_1_272' title='bbox 529 3572 750 3637; x_wconf 82' lang='lat' dir='ltr'>emancipatione</span> <span class='ocrx_word' id='word_1_273' title='bbox 769 3574 798 3623; x_wconf 90' lang='lat' dir='ltr'>iu</span> <span class='ocrx_word' id='word_1_274' title='bbox 816 3572 848 3623; x_wconf 89' lang='lat' dir='ltr'>T.</span> <span class='ocrx_word' id='word_1_275' title='bbox 862 3574 900 3624; x_wconf 88' lang='lat' dir='ltr'>lv</span> <span class='ocrx_word' id='word_1_276' title='bbox 918 3579 1047 3639; x_wconf 77' lang='lat' dir='ltr'>recepts3</span> <span class='ocrx_word' id='word_1_277' title='bbox 1067 3573 1211 3624; x_wconf 80' lang='lat' dir='ltr'>Ciceronis</span> <span class='ocrx_word' id='word_1_278' title='bbox 1228 3573 1261 3623; x_wconf 89' lang='lat' dir='ltr'>de</span> <span class='ocrx_word' id='word_1_279' title='bbox 1280 3574 1336 3639; x_wconf 76' lang='lat' dir='ltr'>leg.</span> <span class='ocrx_word' id='word_1_280' title='bbox 1348 3573 1378 3625; x_wconf 92' lang='lat'>11</span> <span class='ocrx_word' id='word_1_281' title='bbox 1389 3574 1431 3636; x_wconf 75' lang='grc'>26,</span> <span class='ocrx_word' id='word_1_282' title='bbox 1443 3574 1473 3624; x_wconf 80' lang='lat' dir='ltr'>ss</span> 
     </span>
     <span class='ocr_line' id='line_1_31' title="bbox 334 3655 1472 3724; baseline 0.004 -19"><span class='ocrx_word' id='word_1_283' title='bbox 334 3655 369 3707; x_wconf 88' lang='lat' dir='ltr'>ds</span> <span class='ocrx_word' id='word_1_284' title='bbox 387 3656 514 3706; x_wconf 76' lang='lat' dir='ltr'>funerum</span> <span class='ocrx_word' id='word_1_285' title='bbox 533 3657 710 3707; x_wconf 88' lang='lat' dir='ltr'>caerimoniis</span> <span class='ocrx_word' id='word_1_286' title='bbox 728 3659 910 3724; x_wconf 87' lang='lat' dir='ltr'>praescriptis</span> <span class='ocrx_word' id='word_1_287' title='bbox 927 3660 957 3708; x_wconf 91' lang='lat' dir='ltr'>in</span> <span class='ocrx_word' id='word_1_288' title='bbox 975 3658 1006 3709; x_wconf 89' lang='lat' dir='ltr'>T.</span> <span class='ocrx_word' id='word_1_289' title='bbox 1024 3658 1063 3722; x_wconf 88' lang='lat' dir='ltr'>X,</span> <span class='ocrx_word' id='word_1_290' title='bbox 1081 3659 1218 3709; x_wconf 85' lang='lat' dir='ltr'>Macrobii</span> <span class='ocrx_word' id='word_1_291' title='bbox 1236 3660 1250 3710; x_wconf 93' lang='lat'>1</span> <span class='ocrx_word' id='word_1_292' title='bbox 1269 3661 1314 3722; x_wconf 85' lang='lat'>13,</span> <span class='ocrx_word' id='word_1_293' title='bbox 1332 3660 1364 3708; x_wconf 88' lang='grc'>21</span> <span class='ocrx_word' id='word_1_294' title='bbox 1383 3657 1417 3709; x_wconf 88' lang='lat' dir='ltr'>dc</span> <span class='ocrx_word' id='word_1_295' title='bbox 1433 3659 1472 3709; x_wconf 82' lang='lat' dir='ltr'>ia-</span> 
     </span>
     <span class='ocr_line' id='line_1_32' title="bbox 335 3738 1471 3809; baseline 0.003 -18"><span class='ocrx_word' id='word_1_296' title='bbox 335 3741 402 3804; x_wconf 88' lang='lat' dir='ltr'>stis,</span> <span class='ocrx_word' id='word_1_297' title='bbox 429 3740 496 3790; x_wconf 87' lang='lat' dir='ltr'>item</span> <span class='ocrx_word' id='word_1_298' title='bbox 520 3738 664 3791; x_wconf 85' lang='lat' dir='ltr'>Ciceronis</span> <span class='ocrx_word' id='word_1_299' title='bbox 686 3740 719 3792; x_wconf 90' lang='lat' dir='ltr'>de</span> <span class='ocrx_word' id='word_1_300' title='bbox 742 3757 800 3807; x_wconf 87' lang='lat' dir='ltr'>rep.</span> <span class='ocrx_word' id='word_1_301' title='bbox 824 3742 852 3793; x_wconf 83' lang='lat'>11</span> <span class='ocrx_word' id='word_1_302' title='bbox 876 3745 918 3806; x_wconf 82' lang='grc'>37,</span> <span class='ocrx_word' id='word_1_303' title='bbox 940 3744 973 3795; x_wconf 85' lang='grc'>63</span> <span class='ocrx_word' id='word_1_304' title='bbox 995 3748 1025 3796; x_wconf 86' lang='lat' dir='ltr'>et</span> <span class='ocrx_word' id='word_1_305' title='bbox 1046 3744 1162 3809; x_wconf 84' lang='lat' dir='ltr'>Dionys.</span> <span class='ocrx_word' id='word_1_306' title='bbox 1180 3742 1220 3794; x_wconf 85' lang='lat' dir='ltr'>XI</span> <span class='ocrx_word' id='word_1_307' title='bbox 1243 3745 1276 3794; x_wconf 84' lang='grc'>28</span> <span class='ocrx_word' id='word_1_308' title='bbox 1303 3742 1337 3793; x_wconf 87' lang='lat' dir='ltr'>de</span> <span class='ocrx_word' id='word_1_309' title='bbox 1359 3742 1471 3794; x_wconf 89' lang='lat' dir='ltr'>conubio</span> 
     </span>
     <span class='ocr_line' id='line_1_33' title="bbox 335 3824 1472 3891; baseline 0.002 -14"><span class='ocrx_word' id='word_1_310' title='bbox 335 3830 443 3891; x_wconf 84' lang='lat' dir='ltr'>patrum</span> <span class='ocrx_word' id='word_1_311' title='bbox 462 3836 523 3876; x_wconf 87' lang='lat' dir='ltr'>cnm</span> <span class='ocrx_word' id='word_1_312' title='bbox 541 3824 622 3890; x_wconf 87' lang='lat' dir='ltr'>plebe</span> <span class='ocrx_word' id='word_1_313' title='bbox 640 3826 729 3878; x_wconf 88' lang='lat' dir='ltr'>vetito</span> <span class='ocrx_word' id='word_1_314' title='bbox 747 3827 776 3878; x_wconf 88' lang='lat' dir='ltr'>in</span> <span class='ocrx_word' id='word_1_315' title='bbox 794 3826 931 3879; x_wconf 84' lang='lat' dir='ltr'>alterutra</span> <span class='ocrx_word' id='word_1_316' title='bbox 950 3828 1107 3880; x_wconf 86' lang='lat' dir='ltr'>ultimarum</span> <span class='ocrx_word' id='word_1_317' title='bbox 1124 3828 1281 3880; x_wconf 83' lang='lat' dir='ltr'>tabularum</span> <span class='ocrx_word' id='word_1_318' title='bbox 1300 3826 1472 3879; x_wconf 84' lang='lat' dir='ltr'>exhibitis-</span> 
     </span>
     <span class='ocr_line' id='line_1_34' title="bbox 336 3910 1471 3979; baseline 0.003 -18"><span class='ocrx_word' id='word_1_319' title='bbox 336 3910 435 3976; x_wconf 88' lang='lat' dir='ltr'>quibus</span> <span class='ocrx_word' id='word_1_320' title='bbox 454 3910 539 3962; x_wconf 68' lang='lat' dir='ltr'>etiarn</span> <span class='ocrx_word' id='word_1_321' title='bbox 555 3914 661 3962; x_wconf 88' lang='lat' dir='ltr'>statuta</span> <span class='ocrx_word' id='word_1_322' title='bbox 683 3910 716 3962; x_wconf 87' lang='lat' dir='ltr'>de</span> <span class='ocrx_word' id='word_1_323' title='bbox 741 3914 815 3963; x_wconf 86' lang='lat' dir='ltr'>aeris</span> <span class='ocrx_word' id='word_1_324' title='bbox 838 3912 926 3965; x_wconf 84' lang='lat' dir='ltr'>alicui</span> <span class='ocrx_word' id='word_1_325' title='bbox 948 3914 1081 3964; x_wconf 87' lang='lat' dir='ltr'>indicatis</span> <span class='ocrx_word' id='word_1_326' title='bbox 1103 3913 1216 3963; x_wconf 87' lang='lat' dir='ltr'>nimium</span> <span class='ocrx_word' id='word_1_327' title='bbox 1239 3918 1269 3963; x_wconf 88' lang='lat' dir='ltr'>ut</span> <span class='ocrx_word' id='word_1_328' title='bbox 1291 3914 1347 3979; x_wconf 88' lang='lat' dir='ltr'>ipsi</span> <span class='ocrx_word' id='word_1_329' title='bbox 1368 3912 1471 3964; x_wconf 86' lang='lat' dir='ltr'>videtur</span> 
     </span>
     <span class='ocr_line' id='line_1_35' title="bbox 336 3994 1470 4064; baseline 0.001 -18"><span class='ocrx_word' id='word_1_330' title='bbox 336 3994 462 4048; x_wconf 82' lang='lat' dir='ltr'>crudelia</span> <span class='ocrx_word' id='word_1_331' title='bbox 481 3995 617 4047; x_wconf 89' lang='lat' dir='ltr'>contineri</span> <span class='ocrx_word' id='word_1_332' title='bbox 636 4012 669 4047; x_wconf 80' lang='lat' dir='ltr'>cx</span> <span class='ocrx_word' id='word_1_333' title='bbox 688 3996 831 4049; x_wconf 77' lang='lat' dir='ltr'>Ciceronis</span> <span class='ocrx_word' id='word_1_334' title='bbox 855 3997 889 4049; x_wconf 90' lang='lat' dir='ltr'>de</span> <span class='ocrx_word' id='word_1_335' title='bbox 908 4014 966 4064; x_wconf 89' lang='lat' dir='ltr'>rep.</span> <span class='ocrx_word' id='word_1_336' title='bbox 990 3998 1010 4053; x_wconf 94' lang='lat' dir='ltr'>l.</span> <span class='ocrx_word' id='word_1_337' title='bbox 1030 4014 1054 4053; x_wconf 91' lang='lat' dir='ltr'>e.</span> <span class='ocrx_word' id='word_1_338' title='bbox 1072 3998 1178 4049; x_wconf 86' lang='lat' dir='ltr'>iniuria</span> <span class='ocrx_word' id='word_1_339' title='bbox 1200 3997 1339 4049; x_wconf 88' lang='lat' dir='ltr'>concludit</span> <span class='ocrx_word' id='word_1_340' title='bbox 1355 3997 1470 4049; x_wconf 81' lang='lat' dir='ltr'>Niebuh-</span> 
     </span>
     <span class='ocr_line' id='line_1_36' title="bbox 334 4080 1471 4149; baseline 0.002 -19"><span class='ocrx_word' id='word_1_341' title='bbox 334 4080 392 4133; x_wconf 89' lang='lat' dir='ltr'>rius</span> <span class='ocrx_word' id='word_1_342' title='bbox 410 4080 446 4135; x_wconf 89' lang='grc' dir='ltr'>Η.</span> <span class='ocrx_word' id='word_1_343' title='bbox 465 4080 497 4131; x_wconf 78' lang='lat' dir='ltr'>s.</span> <span class='ocrx_word' id='word_1_344' title='bbox 516 4082 544 4131; x_wconf 91' lang='lat' dir='ltr'>n</span> <span class='ocrx_word' id='word_1_345' title='bbox 561 4097 588 4147; x_wconf 90' lang='lat' dir='ltr'>p.</span> <span class='ocrx_word' id='word_1_346' title='bbox 608 4082 672 4145; x_wconf 75' lang='lat'>374,</span> <span class='ocrx_word' id='word_1_347' title='bbox 696 4084 796 4148; x_wconf 90' lang='lat' dir='ltr'>probat</span> <span class='ocrx_word' id='word_1_348' title='bbox 820 4082 1008 4149; x_wconf 81' lang='lat' dir='ltr'>Goettlingins</span> <span class='ocrx_word' id='word_1_349' title='bbox 1030 4084 1105 4135; x_wconf 87' lang='lat' dir='ltr'>Hist.</span> <span class='ocrx_word' id='word_1_350' title='bbox 1123 4083 1192 4148; x_wconf 86' lang='lat' dir='ltr'>reip.</span> <span class='ocrx_word' id='word_1_351' title='bbox 1216 4082 1248 4135; x_wconf 85' lang='lat' dir='ltr'>R.</span> <span class='ocrx_word' id='word_1_352' title='bbox 1266 4098 1292 4147; x_wconf 91' lang='lat' dir='ltr'>p.</span> <span class='ocrx_word' id='word_1_353' title='bbox 1312 4084 1375 4145; x_wconf 74' lang='lat'>3223</span> <span class='ocrx_word' id='word_1_354' title='bbox 1399 4081 1471 4133; x_wconf 87' lang='lat' dir='ltr'>deni·</span> 
     </span>
     <span class='ocr_line' id='line_1_37' title="bbox 336 4165 1470 4234; baseline 0.002 -19"><span class='ocrx_word' id='word_1_355' title='bbox 336 4180 388 4231; x_wconf 87' lang='lat' dir='ltr'>que</span> <span class='ocrx_word' id='word_1_356' title='bbox 406 4165 522 4233; x_wconf 88' lang='lat' dir='ltr'>Ulpiani</span> <span class='ocrx_word' id='word_1_357' title='bbox 540 4167 576 4217; x_wconf 94' lang='lat' dir='ltr'>D.</span> <span class='ocrx_word' id='word_1_358' title='bbox 594 4169 637 4231; x_wconf 83' lang='lat'>38,</span> <span class='ocrx_word' id='word_1_359' title='bbox 655 4169 680 4227; x_wconf 85' lang='grc'>6,</span> <span class='ocrx_word' id='word_1_360' title='bbox 701 4170 768 4233; x_wconf 90' lang='lat' dir='ltr'>lpr.</span> <span class='ocrx_word' id='word_1_361' title='bbox 787 4168 859 4220; x_wconf 88' lang='lat' dir='ltr'>unde</span> <span class='ocrx_word' id='word_1_362' title='bbox 877 4169 907 4219; x_wconf 87' lang='lat' dir='ltr'>in</span> <span class='ocrx_word' id='word_1_363' title='bbox 924 4170 1081 4234; x_wconf 86' lang='lat' dir='ltr'>praeceptis</span> <span class='ocrx_word' id='word_1_364' title='bbox 1100 4167 1133 4217; x_wconf 89' lang='lat' dir='ltr'>de</span> <span class='ocrx_word' id='word_1_365' title='bbox 1152 4168 1285 4218; x_wconf 88' lang='lat' dir='ltr'>bonorum</span> <span class='ocrx_word' id='word_1_366' title='bbox 1303 4168 1470 4233; x_wconf 85' lang='lat' dir='ltr'>possessione</span> 
     </span>
     <span class='ocr_line' id='line_1_38' title="bbox 335 4251 1282 4318; baseline 0.003 -16"><span class='ocrx_word' id='word_1_367' title='bbox 335 4252 482 4303; x_wconf 79' lang='lat' dir='ltr'>transitum</span> <span class='ocrx_word' id='word_1_368' title='bbox 501 4267 518 4302; x_wconf 89' lang='lat' dir='ltr'>s</span> <span class='ocrx_word' id='word_1_369' title='bbox 536 4254 649 4305; x_wconf 87' lang='lat' dir='ltr'>testatis</span> <span class='ocrx_word' id='word_1_370' title='bbox 668 4251 703 4304; x_wconf 85' lang='lat' dir='ltr'>ad</span> <span class='ocrx_word' id='word_1_371' title='bbox 721 4253 869 4305; x_wconf 85' lang='lat' dir='ltr'>intestatos</span> <span class='ocrx_word' id='word_1_372' title='bbox 889 4254 993 4305; x_wconf 85' lang='lat' dir='ltr'>iactum</span> <span class='ocrx_word' id='word_1_373' title='bbox 1012 4268 1074 4305; x_wconf 87' lang='lat' dir='ltr'>csse</span> <span class='ocrx_word' id='word_1_374' title='bbox 1094 4255 1282 4318; x_wconf 88' lang='lat' dir='ltr'>comperimus.</span> 
     </span>
    </p>

    <p class='ocr_par' dir='ltr' id='par_1_5' title="bbox 336 4334 1468 4558">
     <span class='ocr_line' id='line_1_39' title="bbox 402 4334 1468 4404; baseline -0.001 -17"><span class='ocrx_word' id='word_1_375' title='bbox 402 4334 424 4402; x_wconf 77' lang='lat'>²)</span> <span class='ocrx_word' id='word_1_376' title='bbox 443 4336 478 4387; x_wconf 87' lang='lat' dir='ltr'>dc</span> <span class='ocrx_word' id='word_1_377' title='bbox 497 4352 549 4402; x_wconf 88' lang='lat' dir='ltr'>quo</span> <span class='ocrx_word' id='word_1_378' title='bbox 568 4338 605 4390; x_wconf 87' lang='lat' dir='ltr'>ci.</span> <span class='ocrx_word' id='word_1_379' title='bbox 624 4336 732 4388; x_wconf 87' lang='lat' dir='ltr'>Puehta</span> <span class='ocrx_word' id='word_1_380' title='bbox 750 4336 844 4392; x_wconf 69' lang='lat' dir='ltr'>‘civil</span> <span class='ocrx_word' id='word_1_381' title='bbox 863 4338 945 4389; x_wconf 58' lang='lat' dir='ltr'>Athe</span> <span class='ocrx_word' id='word_1_382' title='bbox 962 4355 990 4404; x_wconf 94' lang='lat' dir='ltr'>p.</span> <span class='ocrx_word' id='word_1_383' title='bbox 1009 4340 1023 4388; x_wconf 93' lang='lat'>1</span> <span class='ocrx_word' id='word_1_384' title='bbox 1042 4353 1102 4404; x_wconf 91' lang='lat' dir='ltr'>sqq.</span> <span class='ocrx_word' id='word_1_385' title='bbox 1127 4336 1308 4389; x_wconf 80' lang='lat' dir='ltr'>Schroeterus</span> <span class='ocrx_word' id='word_1_386' title='bbox 1325 4336 1406 4389; x_wconf 82' lang='lat' dir='ltr'>Obss.</span> <span class='ocrx_word' id='word_1_387' title='bbox 1424 4338 1468 4387; x_wconf 88' lang='lat' dir='ltr'>iur.</span> 
     </span>
     <span class='ocr_line' id='line_1_40' title="bbox 337 4420 1467 4489; baseline 0.001 -17"><span class='ocrx_word' id='word_1_388' title='bbox 337 4422 389 4473; x_wconf 84' lang='lat' dir='ltr'>eir.</span> <span class='ocrx_word' id='word_1_389' title='bbox 411 4436 439 4487; x_wconf 90' lang='lat' dir='ltr'>p.</span> <span class='ocrx_word' id='word_1_390' title='bbox 457 4422 490 4473; x_wconf 79' lang='lat' dir='ltr'>aa</span> <span class='ocrx_word' id='word_1_391' title='bbox 513 4436 573 4489; x_wconf 90' lang='lat' dir='ltr'>sqq.</span> <span class='ocrx_word' id='word_1_392' title='bbox 605 4422 789 4475; x_wconf 76' lang='lat' dir='ltr'>Mommsenns</span> <span class='ocrx_word' id='word_1_393' title='bbox 812 4423 847 4475; x_wconf 89' lang='lat' dir='ltr'>ds</span> <span class='ocrx_word' id='word_1_394' title='bbox 871 4424 1039 4475; x_wconf 83' lang='lat' dir='ltr'>auctoritate</span> <span class='ocrx_word' id='word_1_395' title='bbox 1056 4424 1072 4486; x_wconf 65' lang='grc' dir='ltr'><strong>ἕ</strong></span> <span class='ocrx_word' id='word_1_396' title='bbox 1090 4426 1115 4475; x_wconf 77' lang='lat'>3.</span> <span class='ocrx_word' id='word_1_397' title='bbox 1143 4420 1350 4475; x_wconf 81' lang='lat' dir='ltr'>Schoemsnnus</span> <span class='ocrx_word' id='word_1_398' title='bbox 1373 4422 1467 4489; x_wconf 86' lang='lat' dir='ltr'>Opusc.</span> 
     </span>
     <span class='ocr_line' id='line_1_41' title="bbox 336 4506 457 4558; baseline 0 -1"><span class='ocrx_word' id='word_1_399' title='bbox 336 4506 379 4557; x_wconf 89' lang='lat'>111</span> <span class='ocrx_word' id='word_1_400' title='bbox 396 4506 457 4558; x_wconf 77' lang='lat'>409.</span> 
     </span>
    </p>
   </div>
   <div class='ocr_carea' id='block_1_4' title="bbox 0 0 1711 5409">
    <p class='ocr_par' dir='ltr' id='par_1_6' title="bbox 0 0 1711 5409">
     <span class='ocr_line' id='line_1_42' title="bbox 0 0 1711 5409; baseline 0 0"><span class='ocrx_word' id='word_1_401' title='bbox 0 0 1711 5409; x_wconf 95' lang='lat' dir='ltr'> </span> 
     </span>
    </p>
   </div>
  </div>
 </body>
</html>
