3409 5409
324 524 372 571 DE
395 484 589 571 VIITERIBVS
613 520 664 567 XII
687 520 902 569 TABVLARVM
924 519 1210 570 lassasssrlsvs.
1298 505 1339 569 37

276 678 323 743 At
345 700 385 741 ne
406 674 594 742 ‘Valerius’
616 674 748 761 quidem
768 697 886 739 nomen
905 683 995 740 reete
1015 672 1072 739 illo
1094 674 1166 741 loco
1187 674 1336 741 additur:

184 804 254 867 quo
271 801 434 865 nusquam
448 776 636 843 Messallam
658 798 816 863 augurem
831 787 964 842 auctum
984 776 1132 843 invenies
1153 799 1218 843 non
1238 778 1337 843 modo

184 881 280 969 apud
296 884 447 964 Festum,
474 879 533 945 sed
555 902 621 945 non
642 878 746 964 magis
768 878 857 965 apud
872 878 1033 959 Gellium,
1049 878 1256 945 Macrobium
1278 879 1336 964 (cf.

184 984 258 1051 Sat.
275 985 292 1049 I
309 984 361 1066 16)
382 982 517 1049 aliosve.
548 980 645 1047 Unde
665 980 733 1047 iam
753 980 926 1047 Huschkio
947 982 1015 1047 Iur.
1032 992 1098 1047 ant.
1121 980 1142 1045 l.
1158 979 1180 1047 l.
1195 1005 1229 1047 n.
1246 982 1266 1046 9
1286 1004 1337 1047 su·

181 1086 285 1173 spitio
301 1095 353 1151 est
368 1096 447 1151 nata
460 1107 526 1151 non
541 1082 680 1149 eundem
696 1104 767 1148 esse
783 1092 882 1170 atque
897 1105 1057 1169 augurem
1071 1083 1239 1149 Valerium
1250 1083 1336 1149 Mes-

182 1186 320 1269 sallam,
337 1188 393 1273 qui
408 1186 451 1251 ad
467 1185 572 1271 legem
588 1185 660 1251 XII
675 1184 862 1251 tabularum
877 1193 910 1250 et
925 1184 966 1272 de
982 1184 1080 1251 dictis
1096 1184 1244 1251 involute
1259 1185 1337 1251 sori·

182 1290 300 1377 pserit.
331 1290 378 1353 At
391 1287 453 1353 hoc
467 1287 657 1374 neutiquam
673 1286 805 1351 sufficit.
835 1286 920 1351 Nam
935 1287 1045 1373 priore
1060 1285 1133 1354 loco
1148 1310 1228 1353 sane
1249 1288 1337 1353 idem

183 1399 252 1472 est,
275 1388 371 1457 modo
394 1412 435 1455 ue
450 1388 655 1455 ‘Valerium’
671 1398 792 1453 temere
812 1388 951 1455 inferas:
977 1389 1079 1455 altero
1101 1388 1173 1457 loco
1195 1412 1236 1455 ne
1251 1388 1338 1453 Mes-

185 1490 272 1557 salla
287 1490 419 1578 quidem
435 1501 497 1573 est,
513 1514 610 1577 quem
625 1490 707 1557 adeo
723 1490 825 1556 nimia
839 1490 1039 1558 liberalitate
1054 1491 1225 1578 utriusque
1239 1489 1339 1555 simul

184 1594 304 1681 scripti
319 1603 485 1658 auctorem
500 1614 572 1657 esse
588 1590 770 1659 voluerunt.
807 1592 922 1679 Neque
942 1593 1030 1658 enim
1049 1593 1139 1681 quod
1154 1593 1274 1659 dicitur
1288 1596 1339 1656 ‘in

96 1779 99 1785 Ι
184 1717 226 1761 eo
252 1700 328 1760 le'bro
353 1701 406 1775 qus·
429 1700 467 1759 de
495 1699 581 1760 de'etr's
607 1701 736 1759 involute
757 1693 963 1777 tnser'br‘mr',
989 1694 1068 1760 inde
1092 1694 1240 1782 sequitur
1261 1716 1337 1760 eun·

175 1790 263 1863 'dem
286 1798 479 1884 scriptorem
500 1796 581 1862 dici:
604 1796 647 1861 cf.
668 1795 765 1863 modo
786 1820 818 1883 p.
839 1796 904 1861 289
923 1821 955 1862 v.
978 1800 1139 1875 ‘reserre'’.
1170 1801 1339 1869 ‘Veranius

185 1906 218 1965 ia
239 1920 281 1965 eo
295 1906 348 1979 qui
366 1910 411 1965 est
423 1906 641 1981 auspiciorum
667 1909 700 1965 et
714 1922 747 1964 v.
763 1903 870 1963 ‘reus’
893 1902 1073 1967 ‘Sinnaces
1092 1919 1133 1963 eo
1151 1918 1238 1979 quem
1256 1905 1338 1964 scri-

181 2008 262 2083 psit’
277 2050 286 2067 .
303 2051 334 2065 ..
382 2000 571 2067 Macrobius
598 2002 666 2067 Set.
701 2000 755 2067 ΙΠ
786 2001 823 2083 6,
859 2001 900 2067 14
927 2006 1094 2067 ‘Veranius
1121 2006 1338 2082 pmufioalium

185 2126 221 2171 eo
241 2108 317 2169 libro
338 2109 423 2183 quem
440 2108 522 2181 facit
539 2109 578 2169 de
591 2106 902 2184 Supplicatum*
923 2102 1105 2187 19,13a1.
1145 2103 1244 2187 Quod
1263 2112 1338 2169 utut

186 2230 223 2273 se
249 2207 366 2287 babet,
394 2208 457 2273 hoc
478 2216 603 2272 certum
628 2215 680 2272 est
707 2228 812 2293 neque
838 2205 893 2271 hie
923 2228 1029 2293 neque
1059 2229 1093 2293 p.
1115 2206 1180 2271 355
1199 2204 1336 2272 Messal-

186 2310 254 2375 lam
281 2308 394 2391 citari,
415 2308 474 2375 sed
492 2306 697 2373 Valerium
718 2344 759 2357 -
780 2310 843 2373 etsi
865 2310 906 2373 de
927 2308 1029 2373 altero
1051 2307 1121 2375 loco
1141 2330 1184 2373 ne
1208 2306 1245 2372 id
1266 2308 1336 2394 qui·

188 2410 262 2476 dem
282 2411 414 2476 decerni
429 2410 516 2476 licet.
535 2446 569 2459 -
588 2410 634 2475 At
652 2411 783 2497 quinam
798 2409 841 2474 sit
857 2409 914 2474 ille
932 2408 1099 2492 Valerius,
1121 2410 1178 2497 qui
1200 2410 1334 2496 scripsit

189 2513 261 2581 XII
283 2512 563 2601 explanationem,
580 2534 631 2577 res
648 2520 699 2577 est
718 2510 816 2598 plena
837 2512 1065 2579 dubitationis.
1109 2512 1251 2578 Notatur
1265 2512 1336 2599 qui·
1382 2519 1386 2526 '

189 2616 263 2681 dem
289 2638 310 2681 a
328 2615 479 2681 Varrone
500 2614 540 2680 de
566 2613 588 2679 l.
610 2612 631 2679 l.
653 2613 720 2679 VII
738 2614 782 2679 65
802 2613 957 2679 Valerius
987 2612 1121 2701 quidam
1149 2612 1338 2679 Plautinum

187 2740 303 2785 vocem
325 2718 569 2805 ‚interpretetus
606 2720 821 2797 ‘scrupipedos
851 2720 991 2781 Aurelia
1018 2722 1122 2782 ambit
1149 2721 1188 2781 ab
1214 2724 1338 2782 amari-

186 2825 289 2902 peda.
308 2869 314 2882 .
332 2870 339 2884 .
357 2870 365 2885 .
389 2824 563 2884 Valerius
577 2840 597 2883 e
609 2824 688 2900 pede
701 2840 739 2883 ee
752 2808 912 2899 scupeo':
927 2842 949 2883 a
963 2841 1026 2905 qno
1042 2820 1135 2885 illum
1149 2840 1215 2885 non
1231 2817 1336 2884 diver·

189 2944 260 2988 sum
275 2944 347 3010 esse
362 2921 397 2987 in
412 2920 481 2987 alta
500 2934 684 2988 ceterorum
705 2921 845 2987 fontium
860 2922 1032 2987 reticentia
1046 2931 1118 2987 tuto
1134 2919 1336 2987 existimabi-

188 3048 271 3091 mus.
303 3022 498 3091 A'Varrone
520 3033 629 3089 autem
652 3023 692 3105 Q.
713 3022 921 3089 Valerium
941 3024 1135 3089 Soranum
1155 3022 1337 3109 significari

189 3136 320 3217 poetam
341 3126 508 3193 Ciceronis
529 3124 724 3192 familiarem
740 3106 847 3210 (Brut.
863 3126 917 3209 46,
934 3125 1027 3211 169),
1048 3126 1141 3192 cuius
1162 3126 1205 3191 ab
1220 3125 1336 3191 eodem

189 3232 336 3295 Varrone
351 3237 549 3295 memoratur
565 3228 689 3293 dictum
704 3228 772 3294 VII
786 3230 826 3293 31
844 3234 942 3293 ‘vetus
954 3234 1065 3307 aceyo
1078 3239 1129 3299 est,
1144 3248 1162 3293 o
1178 3231 1336 3307 P.Sci1n'o’

191 3342 223 3399 et
241 3331 457 3417 grammatici·
475 3331 661 3415 argumenti
682 3352 797 3395 versus
820 3330 855 3393 X
875 3331 918 3395 70
938 3336 1058 3395 ‘Accius
1077 3334 1234 3395 Hectorem
1259 3336 1338 3394 nolet

188 3438 307 3513 fecere,
325 3436 454 3497 Hectora
474 3439 580 3497 melet'
597 3470 638 3479 -
658 3432 736 3495 item
756 3432 858 3518 prisci
879 3431 1033 3497 vocabuli
1049 3430 1220 3497 ‘flavisse'
1236 3432 1335 3495 inter·

190 3534 328 3621 pretatis
344 3536 412 3621 (ep.
429 3532 571 3600 Gellium
587 3534 622 3599 II
640 3534 688 3615 10,
704 3532 757 3619 3),
772 3532 862 3599 haud
875 3533 988 3619 inepta
1002 3532 1129 3618 Meyeri
1149 3533 1337 3599 coniectura

192 3646 240 3702 est
260 3634 301 3701 ad
318 3636 412 3703 Brut.
434 3635 454 3701 1.
472 3657 500 3701 c.
509 3635 555 3723 ¹),
578 3656 651 3701 cum
672 3635 864 3721 praesertim
886 3635 1000 3701 (licere
1023 3634 1064 3700 de
1085 3634 1334 3724 or.11111,43

192 3901 244 3947 tem
267 3896 363 3947 valent
386 3912 456 3962 quae
480 3896 513 3947 do
543 3897 619 3948 vocis
637 3895 802 3947 ‘litterator'
821 3910 872 3945 usu
897 3911 931 3946 ex
954 3894 1081 3962 epistulis
1104 3895 1164 3947 eius
1187 3894 1336 3946 Suetonius

194 3982 272 4033 affert
289 3981 323 4032 ds
342 3980 382 4035 ill.
402 3998 515 4048 gramm.
535 3998 558 4033 c.
573 3985 598 4033 4.
635 3980 780 4033 Caeterum
798 3985 912 4048 praeter
930 3979 995 4033 illas
1012 3981 1046 4032 de
1065 3980 1163 4048 quibus
1182 3978 1262 4031 modo
1279 3979 1336 4029 dixi

192 4066 267 4118 Festi
290 4064 395 4133 glossas
418 4069 503 4119 etiam
526 4085 551 4134 p.
571 4070 617 4119 161
637 4084 662 4121 v.
685 4070 715 4118 10
733 4066 862 4119 Miserum
882 4068 1028 4132 pontisiam
1051 4071 1080 4118 et
1101 4080 1127 4117 v.
1148 4067 1180 4117 18
1201 4067 1336 4116 maximam

192 4159 334 4217 praetorem
357 4152 392 4202 ad
415 4152 575 4210 Messallam
597 4168 743 4220 augurem,
767 4154 844 4203 ouius
873 4152 976 4204 ibidem
1003 4157 1048 4203 ost
1073 4168 1099 4206 v.
1117 4154 1150 4202 27
1173 4150 1334 4215 Marspedis,
1383 4164 1387 4169 ’

194 4238 348 4291 revocanda
364 4236 504 4289 videntur:
528 4236 638 4289 scilicet
657 4238 799 4289 simillima
822 4252 916 4289 eorum
938 4252 1010 4303 quae
1033 4238 1069 4289 ab
1093 4235 1189 4288 eodem
1207 4236 1335 4301 proiecta

195 4326 286 4374 extant
307 4340 334 4389 p.
355 4325 402 4374 157
415 4322 532 4374 Minora
559 4325 666 4390 itemque
688 4325 786 4377 maiora
808 4325 926 4389 cupida
951 4326 981 4373 et
1002 4322 1113 4389 plenius
1136 4326 1267 4373 enarrata
1289 4336 1333 4388 sp.

97 4428 100 4435 ⁴
195 4408 308 4459 Gellium
326 4408 395 4461 XIII
414 4411 455 4463 16.

258 4493 277 4557 ¹)
297 4496 468 4559 Quamquam
492 4510 545 4561 quo
564 4496 587 4545 is
609 4495 667 4546 iure
687 4510 720 4545 ex
742 4493 791 4545 illo
815 4492 876 4545 loco
900 4492 1033 4547 Varronis
1058 4493 1108 4546 VII
1131 4494 1164 4544 65
1187 4490 1335 4543 concludat

195 4580 340 4635 Varronem
360 4580 462 4633 Valerii
481 4580 526 4632 ‘de
544 4582 642 4648 lingua
659 4580 759 4635 latina’
777 4577 857 4630 libris
873 4594 953 4631 usum
971 4579 1059 4631 rideri
1076 4594 1131 4631 non
1149 4578 1238 4644 magis
1257 4592 1332 4629 asse-
1451 4569 1453 4572 ’
