3409 5409
319 471 378 538 108
734 483 846 530 carvr
870 479 1048 542 Qvtarvu.

314 643 449 731 ponium
461 641 538 726 Dig.
553 641 581 722 1,
593 641 624 722 2,
636 639 657 702 2
668 644 688 721 ξ
699 636 751 703 32.
767 635 950 723 Vopiscum
962 659 994 700 v.
1007 633 1107 700 Probi
1120 641 1204 698 extr.
1221 632 1291 698 Nec
1303 634 1462 700 transitus

314 745 511 832 exprimitur
521 743 586 807 nisi
601 742 618 806 1
633 741 654 805 4
669 744 845 820 ‘proletario
861 743 932 802 tum
948 743 1026 804 etur·
1038 742 1104 816 quis
1116 743 1192 802 votet
1202 740 1314 800 uindex
1324 743 1408 802 esto?
1419 776 1463 788 -«

314 849 362 914 At
376 847 510 933 gravius
526 843 654 911 aceedit
665 841 813 908 alterum.
835 841 935 906 ‘Ast’
946 839 1033 904 enim
1047 839 1081 903 in
1097 838 1239 926 antiquis
1251 837 1382 924 linguae
1394 863 1463 908 mo·

313 951 477 1016 numantia
491 948 684 1034 neutiquam
697 943 891 1031 opponentis
907 963 979 1007 esse
994 963 1033 1006 ae
1046 962 1180 1026 prorsus
1197 940 1328 1006 differre
1343 941 1385 1007 ab
1402 947 1462 1010 ‘at’

313 1048 493 1140 particulae
513 1051 645 1117 notione
666 1056 699 1112 et
717 1068 781 1111 usu
802 1042 966 1114 subtiliter
988 1041 1162 1128 indagavit
1181 1041 1402 1110 Buechelerus
1428 1045 1462 1110 in

314 1152 521 1220 Fleckeiseni
535 1148 657 1217 Annal.
672 1146 751 1236 phil.
764 1147 805 1212 79
817 1169 850 1234 p.
863 1145 940 1212 765:
960 1147 1021 1211 etsi
1037 1167 1134 1232 quam
1149 1145 1219 1231 ipse
1231 1145 1398 1232 professus
1411 1159 1464 1216 est

314 1255 482 1322 meliorem
497 1250 710 1331 sententiam,
730 1272 771 1315 ne
792 1250 899 1336 ipsam
920 1248 1051 1336 quidem
1072 1247 1150 1313 mihi
1171 1248 1363 1315 satisfacere
1385 1273 1462 1317 con·

313 1360 420 1425 fiteor.
443 1356 509 1438 Qui
516 1353 753 1421 Ciceronianae
768 1352 912 1416 maxime
927 1351 1008 1436 legis
1024 1350 1135 1418 verbis
1151 1359 1260 1418 motus
1276 1352 1316 1418 de
1331 1352 1394 1438 leg.
1406 1349 1463 1419 ΙΙΙ

315 1461 346 1544 8,
365 1460 404 1524 19
418 1463 519 1524 ‘Diuus
538 1469 568 1521 et
580 1475 630 1521 eos
644 1461 697 1535 qur·
708 1461 850 1520 caelestes
864 1474 981 1534 semper
995 1457 1103 1535 taetri,
1124 1459 1241 1518 colunto
1260 1464 1290 1519 et
1303 1461 1376 1520 ottus
1390 1475 1463 1534 quos

313 1568 390 1628 cudo
414 1568 497 1627 caeto
525 1566 632 1624 merite
660 1563 892 1634 commoverent,
922 1561 1098 1636 Herculem,
1129 1559 1269 1621 Liberum
1404 1573 1465 1623 ast

313 1673 404 1747 otta,
427 1674 557 1746 propter
578 1682 656 1742 quae
681 1665 775 1725 datur
799 1663 1094 1726 maturaremus
1114 1667 1145 1724 tu
1165 1666 1297 1738 caetum,
1322 1664 1461 1742 Mentem,

321 1774 479 1844 Virtutem,
500 1771 655 1831 Pietatem’
679 1786 707 1828 e.
723 1785 755 1850 q.
772 1786 799 1828 s.
819 1762 937 1828 statuit
955 1765 1045 1828 ‘ast'
1067 1759 1148 1827 nihil
1170 1760 1260 1826 aliud
1276 1762 1462 1848 significare

313 1871 378 1937 nisi
393 1876 465 1952 ‘ut',
481 1869 529 1934 ita
542 1877 662 1948 tamen,
677 1875 714 1932 ut
727 1888 767 1932 ea
780 1863 942 1952 particula
957 1864 1107 1931 similiter
1121 1873 1219 1958 atque
1231 1863 1360 1930 Graeca
1372 1867 1464 1954 chet

313 1971 488 2039 relative
502 1978 662 2056 ustupata
676 1977 709 2034 et
724 1967 1044 2034 demonstratiue
1059 2005 1095 2015 -
1110 1965 1152 2032 cf.
1165 1965 1280 2032 Livius
1299 1966 1333 2032 X
1352 1969 1401 2056 19,
1422 1971 1461 2034 17

314 2082 353 2140 ‘st
366 2079 454 2151 hodie
468 2077 718 2138 amasaeorum
732 2074 814 2147 duis,
829 2082 887 2136 ust
900 2091 953 2150 eqo
968 2077 1068 2136 uoueo'
1084 2109 1126 2120 -
1147 2069 1230 2136 ratio
1246 2075 1355 2164 potius
1377 2096 1463 2160 quae

314 2179 399 2244 inter
413 2197 563 2242 caussam
578 2187 611 2242 et
626 2175 891 2260 consequentiam
906 2173 1047 2239 invicem
1061 2175 1244 2244 intercedat
1259 2178 1323 2264 (‘ut
1334 2215 1374 2225 -
1384 2177 1461 2261 ita’)

314 2280 528 2367 exprimatur.
567 2277 695 2360 Quibus
717 2275 935 2365 adstipulatus
951 2275 1238 2345 Reifferscheidius
1260 2280 1295 2345 in
1310 2279 1394 2346 Mus.
1410 2278 1460 2344 rh.

313 2381 393 2470 phil.
408 2379 512 2447 XVII
532 2403 563 2467 p.
579 2380 643 2445 294
662 2379 728 2444 alia
748 2401 791 2444 ex
812 2378 982 2445 Ciceronis
1004 2379 1132 2466 legibus
1153 2379 1305 2468 exempla
1324 2380 1457 2468 collegit

314 2485 434 2571 quibus
463 2481 637 2549 relativam
661 2483 826 2562 notionem
851 2483 917 2546 iam
937 2483 1109 2548 transiisse
1134 2481 1169 2548 in
1195 2483 1456 2571 temporalem

314 2585 481 2672 probaret.
518 2584 643 2650 Verum
662 2584 823 2650 eiusmodi
843 2583 1017 2649 transitum
1037 2583 1070 2648 in
1090 2583 1173 2672 ipsis
1194 2583 1300 2651 Tullii
1314 2585 1456 2673 antiquis

315 2687 462 2754 fontibus
477 2708 541 2751 usu
554 2686 685 2754 venisse
699 2709 763 2752 non
779 2708 861 2772 opus
883 2695 934 2750 est
948 2708 1129 2752 sumamus:
1152 2687 1306 2752 nimirum
1326 2698 1360 2754 et
1378 2687 1461 2753 haec

315 2786 466 2875 exempla
481 2797 514 2852 et
528 2810 612 2875 quae
627 2789 698 2876 ipse
712 2785 934 2853 Buechelerus
950 2811 993 2853 ex
1006 2789 1107 2874 regiis
1122 2787 1251 2874 legibus
1272 2800 1305 2856 et
1320 2790 1459 2856 fratrum

313 2888 488 2958 Arvalium
508 2890 726 2956 monumentis
747 2890 858 2956 attulit
863 2937 876 2974 ί
901 2912 1017 2978 parum
1036 2889 1132 2955 huius
1159 2891 1304 2979 opinioni
1334 2891 1459 2958 favent.

315 2993 399 3059 Srmt
413 2991 500 3056 enim
514 2991 610 3058 haec:
627 2990 723 3057 Servi
737 2991 827 3056 Tulli
840 2992 896 3058 lex
911 2991 1001 3080 apud
1016 2992 1152 3058 Festum
1166 3016 1198 3080 p.
1214 2994 1278 3060 230
1292 3000 1331 3059 ‘si
1339 3015 1459 3074 paren--

315 3107 373 3160 tem
383 3115 465 3176 puer
479 3099 625 3174 verberit,
645 3106 705 3158 ast
718 3101 775 3159 otte
787 3101 943 3175 plorassit,
962 3095 1075 3181 puer¹)
1095 3100 1172 3162 diuis
1188 3107 1352 3177 pareatum
1372 3117 1461 3160 sacer

314 3203 399 3264 esto?
427 3196 535 3262 Fratr.
560 3193 675 3261 Arval.
697 3216 783 3261 mon.
806 3197 846 3261 T.
866 3196 986 3263 XXIV
1009 3195 1027 3260 Ι
1054 3196 1073 3260 8
1093 3197 1176 3264 Mar.
1204 3202 1285 3263 ‘estu
1311 3198 1348 3284 (i.
1364 3219 1391 3263 e.
1414 3210 1463 3264 est

315 3298 394 3387 tu)²)
408 3320 447 3363 eu
461 3304 505 3363 tta
519 3301 624 3376 suasis
640 3311 712 3364 tuuc
726 3303 781 3364 tau
793 3305 910 3364 nomiae
930 3304 1038 3378 collect
1052 3304 1200 3377 (fratrum
1215 3307 1386 3382 Ar)uutr'um
1406 3305 1461 3364 to

383 3524 404 3590 ¹)
423 3531 518 3592 ‘parca
532 3529 609 3590 puer’
629 3524 698 3586 cod,
717 3539 778 3575 cum
795 3523 904 3576 librarii
923 3523 995 3576 oculi
1013 3525 1049 3576 ad
1061 3525 1154 3591 priora
1172 3531 1316 3591 ‘parentem
1332 3529 1408 3591 puer'
1426 3550 1462 3562 -

315 3627 370 3664 uon
388 3611 561 3676 adsequens
579 3612 734 3675 ‘parentem’
752 3615 784 3660 ut
800 3609 952 3661 Muellerus
970 3613 1051 3676 putat
1068 3637 1103 3647 —-
1121 3611 1322 3664 aberraverint.

382 3694 404 3759 ²)
424 3697 475 3746 ‘aa’
494 3694 610 3745 formam
630 3710 712 3759 quam
730 3696 814 3747 etiam
831 3695 951 3761 Vergilii
967 3695 1115 3748 Palatinus
1133 3701 1254 3749 testatur
1271 3696 1339 3749 Aen.
1362 3695 1387 3747 X
1410 3695 1460 3762 'tta

315 3779 487 3833 Ribbeckius
504 3780 534 3829 in
550 3777 729 3831 Fleckeiseni
746 3779 847 3831 Annal.
866 3795 893 3831 v.
912 3781 945 3830 tt
964 3797 990 3846 p.
1009 3781 1059 3832 188
1077 3783 1105 3832 in
1125 3783 1357 3848 comparationem
1375 3797 1461 3832 voca·

314 3867 358 3918 vit
374 3869 505 3918 vetustae
523 3864 629 3915 formae
648 3868 719 3931 ‘pos’
743 3881 761 3916 a
777 3865 933 3916 Bitschelio
953 3866 1034 3930 (Mus.
1053 3865 1094 3920 rh.
1112 3867 1166 3918 VII
1183 3869 1233 3920 566
1251 3881 1312 3931 sqq.
1336 3866 1373 3917 cf.
1392 3867 1460 3918 VIII

317 3952 365 4003 156
383 3935 450 4016 sqqs
463 3949 495 4001 G.
514 3948 627 4000 Curtius
651 3951 681 4000 in
699 3949 803 4000 Kuhnii
819 3951 920 4002 Annal.
938 3951 1019 4002 1268
1037 3951 1108 4018 sqq.)
1128 3957 1156 4004 et
1179 3957 1275 4005 emtas
1298 3957 1327 4004 et
1349 3951 1460 4018 expedi-

317 4043 378 4088 tae:
396 4040 428 4086 ut
445 4033 671 4100 quemadmodum
689 4034 760 4086 haec
778 4035 950 4102 amplificata
969 4041 1012 4087 eat
1029 4036 1129 4088 suffixo
1144 4042 1259 4104 ‘pos-te'
1274 4035 1460 4105 l‘pos·te·d')

315 4125 413 4187 ‘post’r
432 4121 475 4170 ita
493 4119 589 4171 eodem
608 4119 718 4171 adiecto
737 4136 771 4172 ex
789 4119 852 4185 ‘sas’
872 4120 1001 4172 effectum
1020 4123 1057 4173 sil
1075 4127 1193 4186 ‘as-te‘,
1213 4127 1298 4174 ‘ust’.
1326 4123 1459 4175 Necsine

315 4205 512 4272 probabiIItate
530 4204 558 4254 id
576 4204 697 4270 quidem:
717 4207 771 4257 etsi
788 4205 886 4256 littera
904 4209 916 4256 t
933 4205 1022 4257 videri
1042 4208 1130 4273 possit
1148 4211 1176 4258 et
1193 4209 1222 4259 in
1241 4208 1356 4259 fratrum
1372 4207 1459 4258 Arva-

314 4292 381 4341 lium
399 4290 490 4340 tituIIs
507 4290 648 4356 particula
671 4307 733 4342 cum
754 4292 915 4357 pronomine
939 4293 967 4341 in
989 4307 1072 4343 unum
1096 4293 1273 4344 coalescente
1296 4309 1351 4346 non
1374 4293 1456 4359 gemi-

315 4381 385 4426 nata
403 4391 464 4427 esse
480 4399 516 4412 -
534 4391 567 4426 ac
585 4375 679 4426 XXIII
696 4379 730 4427 49
748 4381 792 4427 est
809 4381 867 4426 ‘ast
888 4381 930 4426 ta’
947 4401 979 4413 -
997 4381 1027 4428 et
1043 4377 1073 4427 iu
1091 4377 1253 4445 Vergiliano
1271 4377 1381 4442 codice,
1406 4391 1460 4442 quo

314 4477 368 4512 uuo
386 4461 448 4512 loco
466 4465 550 4526 poeta
568 4465 635 4512 ante
653 4466 850 4513 consonantem
876 4477 910 4513 ec
928 4463 1016 4514 forma
1033 4463 1119 4514 utitur
1137 4468 1182 4514 ‘as
1204 4465 1237 4514 de
1254 4480 1292 4514 me
1310 4464 1391 4514 ᾰίυοηι
1411 4479 1460 4528 pa·

316 4548 367 4597 ter’
386 4550 440 4603 etc.
460 4561 552 4600 errore
570 4561 729 4614 suppressa.
763 4546 841 4600 Illud
858 4563 924 4602 vero
943 4547 1013 4615 quod
1035 4547 1196 4602 dubitanter
1219 4547 1291 4602 idem
1315 4549 1460 4614 preposutt
