3409 5409
374 532 422 581 uu
444 534 496 582 ιιιι
518 532 731 581 rsavusavu
755 532 933 595 unorovus
956 532 1245 583 eousrmvnums.
1319 516 1377 581 107

161 727 164 731 1
228 688 433 776 ceterisque,
460 687 516 777 qui
537 688 694 753 vineam
717 695 863 773 sarptam
888 686 1096 773 intellegunt3
1124 708 1185 752 nec
1206 685 1285 751 mihi
1306 708 1378 774 pro·

234 792 315 858 bata
329 800 379 855 est
393 788 544 856 Muelleri
559 790 670 876 opinio
684 812 749 855 non
764 790 874 874 tigna,
897 788 956 855 sed
972 790 1045 876 ipsa
1060 796 1201 869 ‘sorpta'
1222 788 1243 852 i.
1260 810 1288 853 e.
1311 810 1378 853 sar·

234 902 345 959 menta
359 900 475 980 putata
490 892 622 977 dempta
637 891 717 956 dici:
734 892 788 956 cni
802 892 858 977 qui
873 900 1028 978 patronus
1042 912 1146 978 nuper
1161 890 1271 956 extitit
1283 890 1378 955 Cors-
1469 969 1471 974 ³

235 1018 333 1061 sonus
349 994 463 1081 Symb.
479 994 551 1058 crit.
567 1016 600 1081 p.
615 992 658 1059 32
673 1016 721 1080 sq.
738 987 924 1058 structurae
941 994 1102 1059 enuntiati
1116 992 1201 1057 male
1215 991 1379 1058 consuluit

233 1096 309 1164 coll.
321 1096 489 1163 Ciceronis
505 1118 557 1183 ep.
574 1094 617 1161 ad
632 1094 711 1161 fam.
723 1094 774 1159 VI
788 1096 870 1177 19,2
885 1098 999 1175 ‘quood
1011 1101 1061 1161 ille
1076 1099 1254 1174 quandoque
1269 1098 1378 1159 seuim’

177 1250 182 1263 .
233 1209 366 1266 vertens
387 1199 451 1266 ‘bis
467 1198 587 1263 einmal
602 1196 656 1262 die
677 1196 968 1283 abgesohnittenen
982 1196 1100 1263 Reiser
1112 1218 1380 1283 weggenommen

233 1300 390 1367 werden!
407 1300 538 1367 Scilicet
554 1299 596 1365 de
610 1299 709 1367 vinea
723 1299 868 1367 dubitari
883 1322 948 1365 non
963 1302 1089 1388 patitur
1103 1300 1194 1365 Festi
1208 1297 1301 1365 loeus
1316 1298 1379 1363 huc

232 1404 341 1491 ipsum
357 1404 427 1469 sine
443 1402 543 1469 dubio
558 1400 749 1467 referendus
765 1426 796 1490 p.
813 1402 877 1467 322
892 1405 1046 1483 ‘Sarpta
1061 1410 1171 1468 vinea
1184 1411 1299 1483 putato,
1316 1408 1335 1466 ι’.
1351 1424 1377 1466 e.

226 1526 314 1586 puro
325 1510 427 1583 sucta'
444 1528 471 1571 e.
488 1528 520 1592 q.
536 1528 563 1569 s.
600 1502 728 1589 Tigna
750 1512 859 1569 autem
880 1503 1014 1597 dempta
1028 1515 1116 1571 reete
1136 1504 1275 1591 eogitari
1295 1504 1379 1570 indi·

233 1616 329 1673 catur
343 1607 421 1693 Dig.
438 1608 469 1690 6,
487 1609 515 1686 1,
532 1604 574 1671 59
598 1609 689 1669 ‘Num
710 1626 787 1685 quae
801 1612 909 1671 olienis
930 1612 1075 1684 aedificiis
1089 1628 1205 1673 conexu
1219 1617 1327 1683 esseut,
1342 1626 1379 1671 eo

222 1714 378 1791 'quamdiu
391 1717 493 1775 iuncto
508 1719 679 1788 monerent,
694 1712 856 1772 eorundem
871 1715 1076 1788 aedificiorum
1090 1732 1167 1793 esse,
1189 1716 1380 1790 simulatque

234 1817 304 1879 iude
318 1818 395 1877 dem
400 1823 441 1893 pt
446 1833 467 1876 o
481 1822 592 1886 essent,
608 1817 746 1876 continuo
760 1818 791 1875 r'n
804 1816 964 1891 pristinum
979 1834 1118 1879 caussam
1132 1819 1266 1879 reuerti!

318 1915 487 1981 Postremo
502 1903 601 2001 quani
617 1915 856 2001 oppositionem
871 1914 950 1983 Vito
966 1926 999 1983 ct
1015 1914 1221 1983 Gothofredo
1237 1916 1377 1981 anctori-

232 2018 296 2083 bus
317 2015 510 2083 Huschkius
537 2016 681 2082 instituit
706 2038 765 2104 per
790 2016 1036 2084 adversativam
1062 2016 1191 2105 qualem
1217 2016 1380 2102 intellegit

233 2118 441 2207 particulam:
459 2128 530 2183 ‘ost
543 2126 596 2199 qui
608 2125 726 2185 iunxit.
741 2125 763 2183 .’
779 2158 820 2168 -
836 2142 958 2206 quana
973 2119 1053 2188 alibi
1069 2120 1200 2208 quidem
1212 2120 1377 2186 abstinue-

231 2232 309 2289 runt
322 2222 480 2305 editorem
500 2232 539 2287 ut
552 2244 595 2287 ex
608 2220 743 2308 Ulpiani
759 2222 870 2287 verbis
886 2222 927 2288 fr.
944 2222 1001 2305 26,
1019 2225 1048 2289 1.
1071 2222 1188 2289 Collat.
1204 2222 1289 2287 XVI
1304 2222 1342 2305 4,
1361 2223 1375 2287 1

232 2328 279 2390 ‘td
290 2331 369 2389 enim
383 2334 503 2389 cautum
517 2336 562 2389 es!
574 2330 638 2403 leae
652 2326 724 2388 XII
735 2327 906 2388 tabularum
927 2328 1012 2388 huc:
1032 2329 1089 2390 “st
1106 2332 1258 2390 intestatus
1284 2332 1378 2389 mort-

233 2439 282 2492 tur
298 2476 304 2490 .
322 2434 343 2490 .’
359 2448 433 2491 cum
448 2426 585 2509 Contio,
600 2426 737 2493 Pithoeo
753 2424 825 2491 aliis
842 2449 946 2514 nuper
961 2426 1184 2513 Boeckingius
1205 2428 1240 2491 in
1255 2426 1306 2492 ed.
1321 2425 1377 2491 Ul-

232 2530 324 2617 piani
338 2537 457 2616 quarta
471 2528 617 2595 efficeret
632 2533 705 2594 ‘ast
722 2536 750 2593 si
769 2536 820 2593 int.
837 2535 888 2593 ιιι]
904 2554 961 2594 -:
984 2552 1023 2595 ea
1043 2540 1077 2595 et
1097 2530 1170 2617 ipsa
1184 2530 1252 2595 vim
1267 2528 1379 2595 intulit

232 2632 308 2717 logi.
337 2632 471 2697 Etenim
486 2633 628 2719 primum
642 2630 702 2697 tali
718 2631 918 2719 oppositioni
934 2631 1056 2697 diserte
1072 2652 1248 2719 expressae
1268 2630 1377 2696 nullus

232 2732 387 2799 estlocus
402 2732 436 2797 in
450 2732 522 2819 lege
537 2732 822 2799 coniunctionibus
836 2734 1043 2821 parcissima:
1072 2736 1164 2799 cuius
1181 2734 1214 2797 in
1229 2733 1377 2820 reliquiis

232 2838 317 2902 duae
332 2845 460 2902 tantum
472 2846 683 2923 compareant
698 2836 856 2923 temporis
871 2835 968 2901 finem
981 2836 1165 2903 accuratius
1178 2836 1377 2902 constituen-

232 2948 282 3005 tes
298 2940 345 3006 11
361 2945 390 3003 ιι·
401 2944 433 3002 in
448 2944 495 3004 ius
508 2950 602 3011 uocat.
617 2946 673 3003 ito:
687 2944 721 3003 ιιι·
733 2945 771 3010 it,
784 2945 995 3004 antestomiuo:
1016 2946 1072 3018 im·
1076 2951 1136 3003 tur
1151 2940 1224 3025 (ie.
1235 2949 1305 3005 tum
1322 2937 1376 3003 do·

232 3041 336 3126 mum)
348 3061 395 3106 em
405 3048 504 3123 capito
514 3080 556 3091 —
567 3042 610 3108 cf.
622 3039 746 3109 Paulus
758 3040 840 3109 Exo.
856 3066 898 3108 ex
910 3042 1008 3107 Festo
1020 3064 1052 3129 p.
1062 3040 1174 3107 105M.
1187 3044 1376 3121 Vallem...

232 3149 318 3226 apud
337 3149 475 3223 antiquos
496 3148 662 3224 ponebatur
684 3149 834 3225 proinde
854 3159 882 3211 et
898 3157 1004 3227 posteo
1024 3155 1054 3210 et
1067 3152 1151 3218 tum’‚·
1172 3144 1244 3209 sim.
1267 3141 1376 3209 Plaut.

233 3246 354 3334 Amph.
368 3247 388 3311 I
404 3248 440 3328 1,
459 3247 529 3312 145.
552 3246 622 3312 Mil.
638 3244 684 3333 gl.
702 3248 757 3313 III
780 3250 815 3331 1,
838 3250 910 3314 177.
934 3248 1010 3315 Cas.
1031 3246 1067 3313 II
1087 3246 1126 3331 2,
1149 3246 1201 3313 39.
1224 3244 1377 3313 Handius
1439 3238 1442 3245 ’

232 3346 372 3415 Tursell.
388 3348 443 3414 III
460 3348 530 3413 185.
553 3348 589 3427 II
604 3348 668 3414 252
681 3387 724 3400 —
739 3360 772 3415 et
792 3350 846 3415 ΙΙΙ
864 3352 880 3415 1
898 3374 945 3438 sq.
966 3356 1090 3429 triptota
1111 3355 1174 3414 dies
1194 3355 1265 3414 iusti
1282 3358 1376 3412 sunto.

232 3458 318 3517 Post
330 3455 467 3516 deinde
480 3470 587 3515 munus
601 3458 718 3517 iniectio
731 3463 807 3517 esto.-
833 3452 923 3540 quod
938 3452 1112 3540 quominus
1128 3454 1286 3531 ‘postidea’
1307 3470 1376 3515 eor·
1495 3474 1510 3488 -

231 3554 376 3640 rigamus
392 3574 466 3618 cum
480 3552 646 3640 Scaligero
669 3554 712 3619 ad
726 3554 815 3621 Fest.
830 3578 862 3621 v.
878 3575 1016 3621 nervum
1031 3552 1146 3641 Lipsio
1160 3552 1299 3635 Ursino,
1321 3551 1376 3617 ob-

233 3666 300 3723 stat
314 3664 347 3721 et
361 3656 450 3722 idem
471 3657 646 3744 repetitum
666 3657 701 3721 in
720 3657 821 3723 Gellii
842 3656 1062 3745 descriptione
1077 3654 1146 3721 XX
1164 3657 1198 3739 1,
1214 3654 1257 3719 44
1279 3658 1378 3719 ‘Post

232 3763 368 3825 deinde
390 3764 450 3824 nisi
467 3764 659 3825 dissolverent
679 3765 722 3824 ud
737 3770 909 3841 praetorem
928 3764 1138 3837 vocabamur',
1165 3769 1198 3824 et
1224 3758 1377 3824 similium

231 3863 434 3949 comparatio
448 3861 536 3928 unde
550 3863 619 3928 eius
634 3864 765 3947 generis
780 3863 1034 3930 cumulationem
1049 3885 1091 3927 ex
1110 3884 1201 3929 more
1215 3860 1375 3949 antiquio-

232 3964 277 4029 ris
307 3964 463 4029 sermonis
488 3963 592 4030 fuisse
618 3966 854 4051 cognoscimus.
891 3964 935 4031 of.
962 3964 1069 4031 Plaut.
1093 3964 1195 4030 Stich.
1217 3962 1253 4028 II
1278 3966 1314 4045 1,
1334 3962 1376 4027 29

228 4072 331 4147 posttd
344 4073 436 4146 icitur
450 4071 575 4146 dende,
600 4067 720 4155 Amph.
737 4067 791 4133 111
807 4071 837 4152 1,
856 4069 895 4133 16
905 4080 975 4149 post
988 4074 1077 4149 ipitur
1093 4072 1223 4138 demum,
1241 4064 1373 4130 Terent.

231 4168 336 4235 Andr.
353 4168 453 4253 1112,
469 4170 489 4235 3
498 4180 586 4249 poste
600 4175 716 4247 deiude,
731 4170 864 4237 Lucret.
877 4170 931 4235 ΙΙΙ
946 4169 1009 4235 528
1019 4180 1089 4251 post
1102 4174 1181 4246 inde,
1196 4166 1304 4233 Varro
1319 4166 1339 4231 l.
1352 4166 1374 4231 l.

231 4270 263 4335 V
278 4271 378 4351 9post
390 4282 459 4351 tum,
475 4271 604 4337 Gellius
620 4272 686 4337 XV
702 4274 753 4355 12,
768 4274 789 4337 3
798 4282 870 4353 post
883 4277 991 4337 deinde
1007 4272 1063 4337 al:
1082 4294 1177 4359 quem
1198 4291 1320 4335 morem
1340 4268 1375 4333 in

231 4372 362 4458 vulgari
375 4373 503 4459 lingua,
519 4384 558 4439 ut
571 4374 719 4455 videtur,
740 4374 864 4439 diutins
879 4384 1065 4440 manentem
1085 4396 1127 4437 ne
1148 4394 1168 4437 a
1181 4372 1373 4458 posterioris

167 4524 173 4543 .
230 4473 364 4561 quidem
383 4476 502 4540 aetatis
521 4476 736 4562 scriptoribus
757 4475 900 4541 alienum
926 4498 999 4541 csse
1019 4472 1171 4562 exempla
1192 4474 1311 4539 docent
1332 4474 1373 4541 ab

230 4574 363 4645 Handio
385 4576 527 4643 Tursell.
543 4576 579 4644 Π
593 4576 666 4644 242.
687 4578 738 4647 IV
753 4578 815 4645 502
834 4588 1006 4665 congesta,
1032 4578 1153 4667 quibus
1173 4575 1259 4643 adde
1279 4576 1373 4643 Pom·
