3409 5409
372 534 414 599 84
477 579 480 586 .
785 548 898 595 oarvr
922 548 1099 607 Qvnnrvn.

371 726 508 768 mannus
530 704 565 768 in
585 700 706 768 Annal.
732 702 793 767 inr.
817 702 931 767 soient.
952 700 1064 767 histor.
1087 700 1139 765 IX
1163 701 1222 765 138
1244 690 1391 766 Turnebi
1411 720 1522 765 emen-

372 806 540 872 dationem
577 810 800 872 ‘cenumdabr‘t'
837 804 1088 891 praeferendam
1123 804 1251 870 monuit
1291 804 1524 889 persuasitque

371 908 590 995 Boeckingio.
632 910 679 973 At
710 930 770 974 suo
803 908 873 971 iure
893 906 1089 973 Huschkius
1115 905 1261 970 futurum
1286 906 1428 991 primum
1455 924 1524 967 non

372 1034 444 1077 esse
459 1011 557 1076 huius
572 1010 637 1077 loci
651 1018 741 1075 ratus
758 1012 988 1076 ‘venumduuit'
1009 1032 1074 1076 non
1094 1009 1200 1074 minus
1222 1032 1243 1073 a
1261 1007 1446 1074 litterarum
1462 1005 1525 1071 du-

370 1114 479 1181 ctibus
501 1113 766 1180 commendatum
787 1112 922 1179 Ouiacio
948 1121 1127 1200 praeeunte
1153 1110 1313 1179 restituit:
1343 1132 1443 1197 quam
1470 1110 1524 1173 lu·

371 1216 438 1282 turi
458 1216 495 1282 II
516 1216 657 1280 formam
678 1216 745 1280 iam
771 1237 838 1281 non
867 1224 918 1280 est
938 1237 996 1281 cur
1016 1214 1266 1301 repudiemus.¹)
1297 1213 1453 1278 Notenda
1472 1224 1527 1277 est

372 1328 481 1383 autem
502 1319 666 1405 scriptura
685 1322 817 1393 ³duutt’,
839 1340 905 1405 qua
929 1318 1009 1385 satis
1036 1315 1198 1382 refellitur
1224 1314 1311 1381 God.
1338 1314 1525 1381 Hermanni

372 1422 481 1508 opinio
497 1420 517 1488 l.
533 1420 555 1485 l.
572 1420 665 1485 ‘dui'
680 1410 861 1507 perfectum
870 1421 971 1488 'verbi
991 1419 1081 1507 quod
1101 1428 1151 1485 est
1166 1418 1246 1506 fdo’
1261 1418 1525 1503 interpretantis.

373 1523 581 1611 Quamquam
609 1524 734 1611 pariter
763 1520 918 1587 Ouiacius
948 1522 1073 1588 erravit
1101 1544 1176 1586 cum
1207 1526 1323 1585 ‘davit'
1353 1530 1524 1585 exararet:

372 1648 471 1713 quam
487 1627 649 1692 rationem
665 1626 844 1690 etiamnum
859 1634 935 1690 sunt
950 1625 1006 1711 qui
1020 1631 1154 1689 teneant
1169 1644 1286 1711 parum
1306 1620 1354 1685 illi
1369 1632 1527 1707 reputan-

372 1738 422 1793 tes
438 1751 493 1811 ea,
509 1751 593 1816 quae
609 1736 704 1792 acute
719 1737 834 1793 contra
854 1726 982 1793 monuit
998 1726 1039 1791 G.
1056 1726 1190 1792 Orrrtius
1207 1725 1248 1791 de
1268 1734 1368 1811 temp.
1385 1732 1418 1787 et
1431 1721 1526 1786 mod.

373 1830 474 1915 part
491 1829 530 1894 cl.
538 1829 818 1916 261.-Namque
832 1828 1105 1914 quemadmodum
1121 1827 1222 1908 a‘fu',
1239 1835 1335 1892 aucta
1346 1824 1471 1891 vocalis
1488 1827 1525 1889 vi

372 1932 556 2018 perfectum
572 1930 653 1995 ‘fiii'
670 1931 841 1995 descendit
856 1931 913 2018 (cf.
930 1930 1057 1995 Ennius
1070 1932 1156 1996 Ann.
1173 1928 1287 1997 440V.
1303 1926 1411 1993 Plaut.
1424 1926 1526 2013 Capt.

303 2099 307 2105 ,
373 2033 450 2114 112,
466 2032 516 2096 12.
532 2032 587 2098 ΙΙΙ
597 2033 630 2115 4,
645 2030 707 2097 100
718 2031 759 2096 al.
775 2031 974 2098 Ritschelius
988 2028 1116 2116 Proleg.
1129 2054 1160 2117 p.
1171 2031 1257 2118 171),
1270 2053 1290 2095 a
1302 2027 1400 2116 ‘phio'
1417 2028 1528 2114 ‘pleiz

373 2158 394 2200 a
409 2133 495 2201 ‘irio’
511 2134 590 2198 ‘hii'
609 2133 732 2219 (Varro
748 2134 789 2199 de
804 2133 824 2201 l.
839 2132 862 2199 l.
878 2134 931 2199 IX
948 2134 1039 2220 104),
1056 2134 1098 2199 ab
1119 2136 1230 2199 ‘erdo'
1248 2130 1365 2213 ‘omii’,
1382 2136 1527 2215 ‘argio’

373 2238 504 2321 ‘argui'‚
527 2239 658 2302 ‘annrio'
674 2238 797 2303 ‘annui'
814 2236 1017 2320 (Priscianus
1033 2259 1065 2322 p.
1082 2236 1143 2299 882
1158 2235 1195 2299 P.
1212 2234 1229 2300 I
1243 2258 1275 2322 p.
1291 2234 1354 2299 504
1368 2232 1427 2319 H.)
1449 2235 1524 2316 )-

373 2340 407 2403 in
423 2339 542 2426 quibus
558 2337 669 2404 verbis
685 2339 836 2405 omnibus
852 2338 1015 2426 posterior
1030 2336 1161 2401 demum
1176 2346 1266 2401 aetas
1284 2334 1430 2402 vocalem
1447 2356 1523 2401 cor·

372 2441 476 2527 ripuit
493 2465 545 2505 —:
563 2442 611 2507 ita
625 2463 646 2505 a
661 2440 759 2506 ‘drio'
776 2480 817 2488 --
833 2464 931 2529 quam
943 2442 1078 2527 stirpem
1094 2448 1224 2526 praeter
1239 2437 1362 2520 ‘da-o’,
1379 2436 1447 2503 ‘do’
1464 2460 1522 2503 ex-

374 2543 481 2608 titisse
506 2544 561 2609 vel
586 2543 695 2629 potius
722 2565 764 2607 ex
789 2545 852 2608 hac
877 2542 1076 2607 declinatam
1107 2539 1251 2628 quadam
1284 2539 1522 2626 depravatione

373 2645 477 2709 fuisse
492 2654 525 2711 et
540 2645 738 2709 coniunctivi
750 2645 931 2731 praesentis
939 2645 965 2732 3)
981 2645 1107 2710 formae
1122 2643 1312 2730 ‘perduam'
1329 2642 1521 2707 ‘creduam’

374 2746 463 2832 apud
485 2746 639 2811 Plautum
660 2757 694 2811 ot
712 2746 890 2812 Umbricae
911 2745 1040 2831 linguae
1060 2743 1260 2832 comparatio
1282 2744 1404 2831 (umbr.
1425 2746 1525 2809 ‘tun’

374 2847 510 2935 (³dov-'J
525 2858 657 2934 praeter
671 2850 763 2932 ‘dep'
781 2854 867 2932 ‘ter’
888 2871 931 2913 ex
945 2848 1056 2913 radice
1071 2847 1153 2933 ‘da')
1170 2856 1203 2911 et
1217 2846 1451 2932 glossariorum
1466 2869 1523 2911 vo·

374 2973 428 3015 ces
448 2950 598 3016 indicant
612 2956 721 3015 ‘diacre
736 2956 821 3031 dore,
843 2957 964 3015 vincere
986 2950 1048 3035 (?)'
1073 2948 1127 3014 Gl.
1145 2948 1267 3035 Papiae
1289 2950 1346 3034 (cf.
1370 2948 1438 3013 Mai
1454 2948 1524 3013 Vll

445 3241 465 3308 ¹)
484 3242 575 3292 Aliter
592 3242 699 3308 quidem
717 3241 894 3293 statuendum
914 3246 957 3292 ost
975 3240 1008 3293 de
1028 3241 1131 3292 codicis
1144 3242 1384 3293 Vercellcnsis
1402 3244 1432 3291 in
1450 3240 1524 3294 Coll.

375 3326 432 3393 lag.
450 3328 518 3378 Mos.
535 3332 568 3383 <et
583 3328 661 3381 Rom.
678 3329 719 3379 XI
738 3331 761 3388 1,
782 3332 795 3378 l
813 3329 953 3395 scriptura
971 3330 1178 3379 ‘oeaumdoverit’
1197 3344 1245 3393 pro
1263 3329 1427 3379 ‘verrrliderr't'
1447 3324 1524 3391 (‘oin-

376 3414 447 3482 ded!
466 3412 570 3475 Borol.)
589 3428 661 3476 quae
680 3413 814 3478 quomodo
833 3420 901 3464 nata
919 3414 965 3475 ait,
984 3415 1091 3464 nescire
1110 3430 1140 3463 sc
1159 3414 1252 3463 fassus
1271 3418 1314 3465 est
1326 3412 1524 3463 Laclrmannus

375 3498 405 3547 in
422 3498 523 3549 rinnel.
543 3498 596 3553 iur.
615 3499 714 3552 acient.
734 3498 830 3553 histor.
849 3499 887 3548 IX
908 3498 967 3549 198.
1003 3496 1057 3549 Sed
1076 3514 1109 3549 ex
1127 3499 1249 3549 rusticae
1272 3497 1387 3564 linguae
1407 3512 1523 3549 consue·

376 3583 485 3643 tudine,
504 3583 596 3647 qualis
615 3583 670 3632 fuit
688 3584 717 3632 in
734 3582 787 3632 illa
804 3586 931 3649 regione,
955 3582 1148 3648 explicandam
1172 3598 1233 3634 esse
1256 3598 1330 3635 nnnc
1354 3587 1523 3649 compertum

377 3668 511 3717 habemus
534 3684 568 3717 ex
587 3666 691 3717 codicia
715 3668 803 3731 ipsius
826 3684 934 3733 quoque
954 3667 1191 3719 Verccllensis
1214 3668 1306 3719 Edict.
1330 3684 1423 3735 regum
1447 3669 1522 3719 Lan-

377 3752 560 3816 gobardorum
582 3752 741 3802 testimonio
759 3754 790 3802 P.
811 3756 860 3804 195
883 3753 925 3803 ed.
948 3752 1038 3803 llaudi
1062 3770 1078 3804 a
1102 3754 1201 3805 Vosme
1225 3750 1307 3820 (Aug.
1329 3754 1413 3804 Taur.
1444 3752 1524 3817 1855)

377 3843 493 3902 ‘portem
511 3834 540 3900 (i.
560 3852 584 3889 e.
604 3836 758 3903 postquam)
775 3844 878 3902 pendor
895 3839 948 3887 riae
967 3854 1009 3888 rer
1027 3854 1087 3889 arras
1104 3840 1318 3889 venundavit)

444 3922 466 3988 ¹)
490 3922 527 3971 ef.
552 3920 704 3973 Corasenus
727 3920 761 3973 de
785 3922 888 3975 Enunt.
913 3922 941 3973 II
965 3924 1021 3974 159.
1047 3922 1139 3989 Symb.
1159 3924 1221 3975 crit.
1246 3940 1273 3990 p.
1292 3926 1357 3985 231,
1381 3924 1428 3989 qui
1451 3924 1524 3975 haec

376 4008 463 4060 verba
486 4008 522 4058 ad
543 4008 687 4071 antiquum
709 4007 850 4059 scribendi
873 4024 959 4074 genus
984 4012 1052 4059 ‘ou’
1075 4024 1210 4060 revocans
1233 4008 1369 4060 immerito
1398 4008 1526 4059 abutitur

376 4093 463 4147 Macr.
475 4093 534 4144 Sat.
552 4092 600 4143 14
618 4094 801 4144 auctoritate:
819 4108 874 4157 quo
892 4094 954 4144 loeo
973 4094 1079 4144 formae
1098 4094 1240 4157 ‘feceriut‘
1259 4096 1289 4145 in
1308 4094 1451 4145 codicibus
1469 4108 1524 4144 nec

376 4178 443 4230 vola
464 4195 517 4231 uec
539 4179 688 4244 vestigium
711 4182 763 4227 eat.
797 4177 841 4226 An
859 4176 980 4243 Bergkio
1000 4178 1044 4229 saa
1070 4185 1112 4229 est
1135 4178 1246 4231 credere
1266 4178 1336 4243 ‘seii'
1361 4196 1378 4229 a
1400 4177 1525 4243 redupli-

378 4268 441 4313 cato
460 4264 548 4327 ‘lissei’
567 4264 707 4329 repetenti
726 4263 833 4324 (Diurn.
854 4267 909 4313 act.
930 4264 1017 4327 antiq.
1037 4264 1136 4319 scient.
1156 4282 1181 4317 a.
1204 4267 1269 4317 1856
1288 4282 1314 4331 p.
1335 4263 1414 4328 134)r

445 4346 467 4411 3)
486 4348 523 4401 ci.
540 4348 644 4399 Paulus
663 4364 724 4397 exc.
743 4364 776 4397 ex
794 4348 879 4399 Festo
897 4365 923 4414 p.
942 4350 975 4398 60
998 4352 1122 4399 ‘cremas
1140 4353 1253 4403 credar)
1289 4351 1357 4401 Rom
1377 4347 1525 4400 confundit

378 4430 410 4484 Ο,
430 4430 581 4483 Muellerus
601 4432 635 4483 ad
652 4432 732 4485 Paul.
751 4448 778 4497 p.
798 4436 840 4497 27,
861 4448 921 4483 eum
940 4435 1079 4484 ‘addace'
1099 4434 1171 4499 quod
1189 4435 1347 4501 explicatur
1365 4436 1524 4485 ‘addideris'

378 4532 412 4565 rx
434 4512 580 4567 ‘adduas’
603 4516 680 4567 dicat
702 4518 782 4567 nasei
809 4518 934 4583 potuisse
957 4524 988 4569 ut
1011 4522 1163 4587 ‘attingent'
1187 4536 1230 4586 ap.
1253 4520 1387 4571 Catonem
1410 4534 1444 4569 ex
1466 4522 1523 4569 ‘rn-

376 4601 490 4663 tinum!
