3409 5409
365 526 413 573 nn
435 528 488 573 x11
511 526 724 575 alavanavn
746 526 925 587 aaarovns
948 527 1194 577 coamcanms.
1311 512 1353 577 63

294 685 387 746 ‘Viae
412 692 481 745 sant
503 686 693 761 republicae
717 692 746 745 et
764 689 923 761 priuatae:
947 686 1101 762 publicae,
1124 703 1183 762 per
1208 703 1285 761 qaus
1307 690 1354 746 r're

198 786 342 848 omnibm
356 788 437 861 lieet,
448 789 606 863 privatae,
622 787 727 862 quibus
741 792 888 849 neminem
902 791 947 849 ua·
961 790 1094 864 (insert)
1107 794 1232 863 praeter
1251 804 1353 849 eoram

198 904 333 964 quoram
352 896 422 951 arnt
441 889 597 966 (nomiae).
632 890 672 949 Et
695 890 752 950 trae
774 890 856 949 VIII
865 890 961 966 pedes
981 892 1014 949 ia
1034 890 1192 953 latitudine
1212 890 1353 967 (bremt)

201 993 276 1053 r'ure
290 997 321 1051 et
332 994 412 1066 leae:
423 990 565 1069 publicae
579 996 723 1067 quantum
742 994 820 1051 ratio
841 994 977 1052 calcetis
994 994 1146 1068 permittit,
1177 997 1217 1052 at
1228 995 1271 1053 ita
1283 996 1355 1069 pri-

200 1100 295 1153 ratae
310 1094 405 1169 (vioe)
420 1096 472 1154 les
486 1093 566 1154 iubet
578 1094 664 1154 XVI
676 1096 722 1167 (in
737 1093 890 1168 amfracto
899 1098 1059 1171 famaque
1072 1095 1164 1169 pedes
1177 1112 1249 1155 esse.
1285 1095 1355 1155 l'r'cs

200 1196 368 1273 (medem)
384 1196 507 1271 qui(bus
520 1197 616 1257 verbm
630 1200 743 1257 muniri
757 1198 848 1268 iubet,
866 1197 1004 1273 publicas
1026 1198 1129 1273 dicia:
1160 1198 1259 1256 Viam
1275 1214 1351 1256 rau-
1418 1210 1428 1228 ⁰

200 1301 358 1358 rriunto:
379 1302 417 1359 nr·
429 1316 507 1359 som
522 1300 820 1375 delapidossr'ut,
836 1317 909 1374 oua
925 1302 1196 1360 voletr'ameala
1211 1302 1331 1373 coito?

295 1400 490 1476 ‘Anaeqetes’
507 1406 617 1463 autem
632 1398 846 1479 nominativo,
862 1398 919 1484 qui
933 1420 974 1461 ne
989 1420 1031 1462 ex
1051 1419 1114 1461 usu
1127 1397 1258 1483 quidem
1273 1397 1356 1480 legia

202 1507 276 1579 cst,
293 1499 394 1565 tutius
411 1500 610 1583 carebimus:
629 1522 702 1565 cnm
723 1520 828 1585 neque
849 1499 891 1563 de
911 1500 1142 1585 sermoneque
1164 1498 1356 1563 deuotione

202 1602 281 1667 eius
298 1601 453 1667 vocabuli
469 1602 548 1667 satia
566 1612 709 1668 constetr
725 1602 768 1667 cf.
787 1599 954 1667 diversam
969 1599 1094 1665 aPanli
1106 1598 1356 1687 explicationem

204 1707 245 1769 in
267 1703 437 1769 Thesauro
459 1727 546 1770 noro
570 1703 680 1769 Latin.
707 1702 758 1769 od.
779 1702 847 1767 Mai
876 1701 997 1788 (Class.
1024 1713 1110 1767 auct.
1132 1701 1219 1767 VIII
1245 1726 1277 1789 p.
1299 1704 1355 1789 49)

207 1811 393 1886 ‘Amreqeles
407 1818 519 1885 sereres
529 1826 628 1887 prope
642 1812 742 1871 olam?

296 1908 454 1973 Eiusdem
469 1908 663 1974 Mommseni
677 1907 836 1973 beneficio
853 1906 976 1971 factum
992 1918 1052 1990 est,
1069 1918 1107 1973 ut
1121 1906 1211 1972 aliud
1226 1929 1355 1994 quoqne

205 2012 311 2077 decus
328 2010 385 2075 diu
401 2009 549 2077 debitum
560 2009 632 2075 XII
646 2008 768 2075 tabulis
783 2008 917 2075 tandem
932 2008 1137 2075 redderetur.
1153 2010 1285 2074 Etenim
1300 2010 1357 2075 rix

205 2111 371 2179 credibile
386 2122 437 2179 est
452 2134 495 2177 ex
511 2112 663 2179 omnibus
672 2160 681 2195 ,
702 2111 887 2201 quicunque
905 2112 941 2177 in
956 2110 1149 2197 fragmentis
1169 2110 1253 2196 legis
1269 2109 1357 2176 colli-

205 2214 330 2301 gennis
345 2214 570 2297 elaborarunt,
587 2215 750 2280 neminem
764 2236 860 2279 usum
875 2235 949 2278 esse
961 2213 1128 2278 Ciceronis
1143 2213 1253 2279 verbis
1268 2213 1358 2277 hisee

210 2318 258 2383 ad
275 2318 346 2383 Art.
362 2315 413 2381 VI
430 2318 458 2395 1,
474 2318 494 2381 8
510 2321 538 2381 ‘e
553 2320 658 2395 quibos
672 2319 731 2403 (sc.
750 2315 791 2382 de
805 2314 994 2401 republicae
1008 2316 1117 2401 libris)
1132 2335 1224 2378 unum
1243 2315 1358 2394 ltroor·

205 2422 269 2486 κόν
290 2424 418 2498 requeis
439 2424 476 2483 de
499 2424 549 2482 Cn.
569 2424 674 2483 Fluvio
689 2422 813 2495 menis.
852 2422 911 2481 Ille
926 2437 996 2480 vero
1016 2428 1108 2480 ante
1129 2422 1359 2481 decemviros

208 2542 271 2587 non
284 2525 361 2599 suit,
378 2527 488 2601 qarppe
503 2528 555 2600 qut
568 2526 677 2587 aedilis
691 2527 805 2585 curulis
822 2522 921 2597 suerit
934 2554 974 2566 -
989 2526 1043 2598 qui
1054 2526 1248 2597 musistratus
1261 2527 1360 2582 maltis

207 2629 381 2703 (analaborc
401 2629 581 2689 decemviros
602 2629 750 2687 instituetur
772 2633 823 2687 ert.
851 2626 929 2697 Ouid
946 2642 1018 2700 erqo
1027 2625 1164 2701 proserii
1182 2628 1262 2701 qaod
1279 2642 1355 2701 pro-

208 2732 280 2791 tulit
291 2726 442 2802 sartor?
479 2729 715 2791 Occultotam
729 2736 871 2805 putant
888 2730 1045 2803 quoram
1067 2737 1229 2805 tempore
1249 2731 1357 2788 istam

208 2833 391 2906 tabulam,
407 2840 440 2893 ut
453 2833 518 2893 dies
535 2832 649 2905 offendi
663 2837 837 2907 peterentur
848 2848 869 2889 α
884 2833 992 2907 paucis
1003 2824 1156 2911 (patrimis
1166 2826 1358 2907 Momms.)’.

211 2932 388 2997 Fastorum
413 2931 515 3015 igitur
535 2930 612 2995 anni
632 2930 774 2995 Romani
796 2927 910 2995 tabula
929 2928 964 2992 in
984 2928 1056 2994 XII
1075 2928 1180 2995 relata
1198 2927 1356 3013 fuerat¹):

210 3056 296 3120 quoa
319 3041 402 3099 teste
417 3031 587 3099 Macrobio
604 3032 673 3097 Sat.
689 3031 707 3095 I
724 3032 779 3114 13,
795 3032 835 3097 21
857 3035 1039 3097 ‘Tuditanus
1058 3036 1156 3110 refert
1175 3037 1253 3095 libro
1273 3038 1359 3095 tertio

212 3142 442 3214 raaar'rcrotoam
461 3140 642 3211 decemviros
663 3141 727 3212 qui
750 3138 872 3199 decem
900 3140 1041 3199 tabulis
1066 3139 1162 3198 daus
1187 3138 1359 3198 addide-

211 3262 230 3302 r
237 3248 316 3314 rent,
332 3242 371 3303 de
385 3242 594 3303 intercalando
603 3243 750 3317 populum
764 3256 903 3314 rorasse·
919 3240 1039 3302 Curuus
1052 3241 1169 3301 eosdem
1183 3242 1285 3302 scribit
1298 3257 1359 3299 eu-

212 3346 327 3407 etores'
350 3362 414 3405 non
436 3338 613 3405 dubitabis·
627 3338 680 3405 vel
699 3340 894 3405 undecimae
914 3337 968 3404 vel
988 3337 1202 3404 duodecimae
1227 3338 1360 3405 tabulae

214 3443 433 3528 assignare²):
456 3460 654 3527 quamquam
673 3440 779 3525 ipsam
794 3439 834 3505 de
849 3439 1074 3505 intercalando
1088 3440 1196 3525 legem
1210 3441 1359 3505 alterutri

216 3584 379 3593 ....--·---—-
396 3584 413 3590 -

215 3654 381 3718 gammate
401 3647 510 3715 quidem
529 3650 631 3699 formas
645 3648 714 3699 istae
731 3648 885 3714 antiquitus
902 3648 1024 3699 carnisse
1042 3653 1073 3699 ut
1092 3653 1246 3699 statuamus
1264 3652 1359 3700 ‘suad’

215 3736 307 3788 innuit
322 3740 404 3787 vetus
423 3734 564 3789 ablativus
582 3736 648 3785 ‘ste’
672 3734 826 3800 explicatus
849 3750 866 3784 a
884 3732 1020 3785 Messalla
1038 3750 1081 3800 ap.
1100 3734 1177 3787 Fert.
1199 3751 1225 3801 p.
1244 3737 1291 3786 361
1313 3740 1359 3800 qui

218 3823 354 3873 finitimus
367 3826 409 3873 est
427 3836 491 3872 osco
510 3822 602 3880 ‘anast
622 3821 716 3871 umbro
736 3824 816 3877 ‘sve’.
836 3820 855 3868 i.
875 3836 899 3869 e.
917 3822 951 3871 ai.

284 3905 304 3970 ¹)
333 3906 442 3957 Dudum
466 3923 500 3957 ea
524 3907 557 3957 de
581 3922 610 3955 re
637 3906 744 3957 monuit
766 3904 925 3970 Onnplrrins
946 3905 1098 3956 Panrinins
1122 3904 1306 3956 commentar.
1331 3906 1358 3955 in

217 3995 282 4045 last.
301 3992 319 4046 l.
338 3994 351 4043 1
369 4010 394 4058 p.
413 3994 437 4042 4.
462 3992 526 4047 Ant.
545 3992 716 4058 Angnrstinns
735 3991 770 4042 al.
788 3991 923 4041 immerito
941 3991 1057 4041 refutati
1076 3991 1248 4042 aVaasseno
1266 3989 1359 4040 Auim-

218 4080 300 4131 ador.
318 4078 353 4128 ad
371 4078 438 4129 last.
455 4092 481 4142 p.
500 4080 532 4129 79
550 4092 609 4144 sqq.

284 4163 305 4229 2)
326 4164 362 4213 cl.
381 4162 565 4213 Mommsenus
584 4163 713 4215 Chronol.
731 4178 798 4213 rom.
817 4178 843 4227 p.
856 4165 890 4214 30
902 4178 942 4213 n.:
961 4162 1008 4227 qui
1026 4168 1120 4213 tamen
1138 4177 1200 4211 curn
1219 4160 1358 4211 hesdras

219 4248 328 4300 tabulas
348 4252 457 4299 statuat
475 4249 567 4299 omnis
586 4248 827 4316 comprehendisse
847 4263 918 4312 quae
940 4263 995 4297 non
1019 4247 1055 4297 ad
1078 4248 1130 4297 lori
1153 4248 1279 4298 actiones
1297 4262 1359 4312 per-

218 4334 353 4399 tinerent,
379 4334 481 4386 oblitus
504 4334 638 4399 estquod
657 4333 756 4385 Cicero
780 4336 901 4385 testatur
923 4330 1075 4398 praecepta
1098 4332 1131 4383 de
1158 4330 1302 4383 funeribus
1326 4347 1359 4382 ae

220 4420 353 4485 sepulcris
377 4422 406 4470 in
428 4419 561 4472 decima
585 4419 683 4471 tabula
705 4418 791 4469 luisse
815 4418 970 4485 perscripta
993 4414 1288 4483 (dslsg.11m‚oe).
1324 4419 1360 4468 At
1430 4472 1441 4489 ⁶

220 4505 280 4569 ipsa
297 4506 431 4559 fastorum
450 4505 634 4573 promulgatio
653 4505 725 4557 haud
744 4504 827 4555 dubie
847 4503 951 4553 lorensi
969 4504 1032 4553 usui
1050 4504 1200 4569 praecipue
1218 4502 1359 4556 destinata

221 4589 280 4641 luit.
316 4592 353 4643 cl.
372 4592 470 4644 Livius
488 4594 527 4643 IX
545 4594 587 4657 46,
606 4594 630 4642 ῠ.
662 4590 761 4642 Cicero
779 4606 806 4656 p.
825 4588 943 4651 Murena
962 4592 1001 4648 11,
1020 4592 1061 4645 26.
