3409 5409
345 522 392 569 ns
414 522 465 569 xu
489 520 702 569 ulsvsssvu
725 521 904 580 uumerus
928 520 1216 569 cossrrrvsums.
1312 504 1355 568 95

207 700 243 764 p.
258 678 299 743 88
315 680 468 754 ‘saiauiur
481 682 575 741 maim
586 679 715 752 saritur'
731 683 765 739 et
778 673 832 740 Gl.
847 674 954 741 Labb.
973 678 1073 752 ‘sator
1092 679 1167 741 πολ
1177 676 1353 753 υλογὲω.’

206 781 360 867 Denique
374 778 422 844 illi
437 802 534 865 quam
556 779 698 843 eruimus
713 777 838 843 formae
854 776 975 865 oppido
992 778 1144 845 convenit
1166 800 1262 845 oscus
1283 778 1354 843 infi-

206 882 335 948 nitivus
352 884 486 958 ‘sarium'
502 882 536 945 in
556 879 679 945 lamina
699 877 855 967 plumbea
870 880 1001 965 Capuae
1017 902 1122 967 nuper
1141 890 1272 967 reperta
1287 890 1354 945 eta

205 984 409 1051 Minervinio
424 982 510 1047 Bull.
526 980 663 1069 Neapol.
679 1004 755 1047 nov.
772 1004 835 1047 ser.
851 981 883 1046 V
899 1004 931 1068 p.
950 982 1011 1047 100
1030 992 1052 1049 t.
1071 982 1155 1047 VIII
1169 982 1352 1069 publicata:

206 1110 307 1176 quem
330 1108 405 1151 cum
425 1085 559 1151 ‘lateri'
580 1083 744 1150 infinitivo
765 1082 948 1150 Corssenus
975 1085 1155 1171 composuit
1175 1085 1210 1149 in
1229 1084 1355 1149 Kuhnii

206 1189 330 1257 Annal.
360 1188 439 1275 ling.
471 1209 576 1274 comp.
607 1186 659 1251 XI
686 1209 718 1272 p.
744 1185 818 1251 344.
856 1186 949 1251 Idem
979 1208 1051 1251 curn
1081 1186 1115 1250 in
1142 1186 1255 1272 Symb.
1283 1186 1354 1251 crit.

206 1316 241 1379 p.
259 1293 301 1357 75
316 1313 386 1377 sqq.
402 1290 446 1356 cf.
462 1286 581 1356 Pbilol.
596 1289 665 1353 XX
682 1289 743 1353 732
758 1310 808 1375 sq.
823 1310 935 1353 eorum
951 1289 1127 1354 verborum
1143 1298 1354 1373 conspectum

205 1403 324 1479 ageret
347 1393 382 1457 in
407 1393 525 1479 quibus
547 1391 703 1455 suffixum
724 1390 785 1455 ‘ti'
806 1400 966 1477 appareat
987 1390 1081 1477 stirpi
1102 1388 1285 1470 adiectum,
1313 1414 1356 1455 ex

205 1504 329 1582 quarta
348 1495 491 1559 maxime
517 1494 746 1579 coniugatione
773 1492 895 1559 nubem
921 1491 1144 1579 exemplorum
1170 1491 1296 1573 attulit,
1318 1486 1386 1557 ut'

207 1597 349 1681 ‘artirs',
366 1596 502 1679 ‘futire’‚
519 1596 640 1682 ‘potiri’
656 1594 712 1677 al„
727 1595 867 1682 primam
883 1618 948 1660 non
964 1595 1083 1680 tetigit.
1115 1594 1161 1659 At
1182 1616 1223 1659 ne
1238 1616 1279 1659 ex
1294 1593 1356 1658 hac

207 1698 342 1789 quidem
358 1698 476 1763 desunt
493 1707 624 1785 practer
642 1696 813 1774 ‘fa-tior',
836 1697 1020 1763 ‘infi-ti-or'
1042 1694 1208 1783 exempla:
1236 1696 1354 1781 quibus

206 1801 386 1867 finitimum
401 1810 452 1865 est
468 1800 643 1887 ‘sps-ti-or’
659 1821 702 1864 ex
716 1800 828 1864 radice
846 1806 942 1885 ‘spa’,
958 1820 1006 1883 gr.
1025 1800 1158 1880 tud-m,
1175 1798 1216 1863 de
1231 1820 1297 1883 qua
1312 1796 1355 1861 cf.

207 1904 252 1969 G.
270 1903 404 1969 Curtius
426 1902 538 1989 Etym.
555 1903 616 1969 Gr.
637 1903 654 1967 Ι
675 1926 708 1989 p.
724 1901 797 1967 354.
836 1900 931 1965 Idem
952 1910 1062 1966 autem
1083 1939 1126 1951 —-
1145 1922 1222 1965 nam
1243 1899 1284 1964 dc
1306 1922 1355 1964 sa-

206 2005 318 2071 tiandi
337 2004 438 2071 verbo
461 2005 543 2075 nihil
559 2003 734 2069 decernere
748 2004 853 2069 ausim
867 2002 959 2066 -in
975 2002 1151 2067 ‘vi-ti-o'
1168 2022 1356 2089 comparere

208 2107 377 2194 suspicor:
399 2107 541 2173 ‘vitium’
558 2107 645 2171 enim
660 2115 694 2171 et
708 2105 814 2173 ‘vitio'
830 2106 889 2170 vix
904 2115 955 2170 est
970 2126 1034 2192 quo
1049 2104 1254 2192 probabilius
1275 2102 1328 2169 ref
1346 2142 1356 2153 ·

206 2220 304 2276 ratur
318 2231 417 2297 quum
429 2209 472 2275 ad
487 2210 657 2296 antiquum
669 2208 749 2274 ‘vio'
762 2208 967 2293 (alqui-men,
983 2207 1090 2289 vi-tis)
1102 2230 1128 2271 s.
1143 2208 1252 2288 ‘vieo’,
1269 2204 1357 2293 quod

207 2310 337 2398 ligandi
346 2324 380 2379 et
391 2310 557 2400 plectendi
568 2313 736 2377 notionem
746 2311 858 2391 habet,
871 2308 958 2373 unde
971 2308 1103 2374 ‘vietus’
1116 2319 1166 2374 est
1177 2308 1356 2390 inflexus,

209 2414 409 2480 ‘flaccidus':
428 2421 501 2481 ‘viia
516 2419 652 2479 detritus'
668 2410 813 2500 explicat
828 2412 973 2477 Thomae
989 2408 1089 2477 Thes.
1104 2433 1137 2497 p.
1148 2410 1210 2475 622
1226 2410 1268 2475 cf.
1281 2410 1355 2475 096.

209 2517 274 2581 628
285 2516 332 2581 Μ.
348 2517 465 2604 Itaque
481 2516 599 2583 ‘vitiu
606 2522 651 2580 m’
668 2515 799 2604 proprie
813 2537 880 2580 non
895 2512 1059 2598 significat
1073 2511 1201 2599 lapsum
1216 2522 1274 2577 aut
1288 2512 1357 2577 vio·

210 2618 385 2701 ladonam,
407 2618 466 2683 sed
492 2617 761 2705 impedimentum
787 2616 897 2704 potius
923 2624 956 2681 et
976 2615 1053 2681 inde
1073 2613 1239 2702 quoddam
1260 2636 1356 2679 excu-

211 2720 308 2806 sandi
339 2733 553 2787 momentum.
601 2723 711 2808 Atque
743 2720 806 2785 hac
835 2722 909 2805 ipsa
934 2717 1174 2803 significatione
1200 2716 1359 2804 primaria

210 2824 345 2909 ponitur
359 2825 394 2887 in
408 2824 480 2909 lege
495 2824 513 2889 I
528 2825 548 2888 3
565 2830 605 2887 ‘si
616 2827 735 2887 morbus
749 2811 898 2887 aevitasve
920 2828 1047 2885 vitium
1062 2826 1161 2903 eseii’,
1182 2819 1240 2887 ubi
1256 2819 1357 2886 edito-

211 2947 285 2991 rum
301 2924 508 3013 quorumdam
523 2935 744 2991 commentum
759 2931 931 2990 ‘vitiumve’
953 2924 1018 3010 ipsi
1033 2924 1168 3007 Hugoni
1183 2922 1358 3011 probatum

211 3049 291 3093 vcro
308 3038 501 3113 argumento
515 3051 594 3093 usus
611 3027 797 3092 Dirksenus
813 3026 928 3092 reiecit
942 3050 974 3113 p.
993 3026 1062 3091 150.
1093 3024 1165 3107 Quo
1181 3025 1285 3111 magis
1301 3026 1357 3090 mi-

211 3150 266 3193 ror
280 3152 387 3216 nequo
401 3128 605 3195 Dirksenum
621 3152 726 3217 neque
740 3129 958 3194 recentiorum
973 3148 1169 3215 quemquam
1184 3150 1222 3193 co
1236 3128 1309 3215 ipso
1324 3128 1358 3192 in

212 3231 276 3296 alio
291 3231 364 3298 loco
379 3230 594 3299 diiudicando
610 3255 706 3297 usum
721 3254 809 3314 esse,
832 3233 885 3297 cui
901 3229 1026 3297 dudum
1045 3231 1128 3297 bene
1150 3229 1360 3295 consuluerat

213 3332 379 3399 Cuiacius.
401 3333 552 3421 Namque
566 3336 601 3401 ΙΙ
616 3336 637 3399 2
652 3356 727 3399 cum
740 3344 816 3420 post
830 3334 937 3400 morbi
953 3334 1070 3398 sontiei
1085 3333 1287 3419 aliarumque
1303 3354 1357 3397 ex-

214 3436 351 3501 cusandi
366 3458 556 3501 caussarum
572 3438 772 3503 mentionem
787 3447 943 3521 sequatur
957 3438 1043 3515 ‘quid
1055 3440 1160 3499 borum
1176 3456 1284 3499 unum
1298 3438 1361 3511 suit

214 3543 309 3605 iudici
328 3543 477 3605 arbitrove
496 3559 596 3616 reove,
621 3559 658 3603 ev
676 3544 740 3604 dies
754 3543 901 3615 diffensus
916 3545 993 3601 esio’
1016 3536 1117 3621 (Fosi.
1139 3558 1172 3623 p.
1187 3536 1276 3621 273),
1298 3558 1357 3622 pro

216 3646 331 3706 ‘utum'
347 3640 436 3728 quod
449 3663 490 3706 ne
506 3640 665 3730 explicari
685 3641 819 3729 quidem
839 3651 916 3726 apte
931 3648 1055 3727 potest,
1071 3638 1240 3704 lenissima
1254 3650 1358 3705 muta-

215 3741 304 3808 tione
317 3742 471 3809 Ouiacius
482 3744 571 3831 quod
586 3742 885 3829 sententiaflagitat
900 3742 1046 3807 restituit
1060 3748 1112 3806 ‘vi
1115 3748 1144 3805 ti
1148 3748 1225 3805 um?
1249 3741 1358 3822 Quam

216 3844 477 3911 emendationem
492 3846 612 3912 Ursino
628 3845 790 3911 immerito
805 3846 952 3911 tribuens
969 3844 1103 3930 sprevit,
1119 3866 1186 3911 non
1201 3844 1360 3910 refutavit

217 3942 257 4009 Ο.
271 3946 464 4032 Muellerus,
482 3972 556 4015 cram
572 3948 791 4036 praecessisse
806 3949 936 4013 iustas
958 3948 1186 4012 excusationes
1201 3956 1358 4013 moneret.

217 4047 328 4135 Atque
342 4049 586 4117 observandum
600 4062 651 4118 est
670 4053 705 4116 in
724 4050 933 4115 iureiurando
956 4048 1090 4115 militari
1112 4048 1199 4136 apud
1215 4046 1359 4113 Gellium

218 4146 302 4215 XVI
317 4152 349 4234 4,
364 4153 387 4217 4
400 4152 481 4218 haec
495 4153 544 4219 ita
563 4153 659 4218 reddi
680 4159 752 4218 ‘uisi
770 4158 904 4219 harunce
923 4174 1001 4232 quoe
1015 4173 1152 4217 caussa
1172 4158 1245 4216 erit:
1262 4154 1360 4228 svistrs

216 4252 373 4324 familiare
390 4258 529 4331 feriaeve
549 4261 772 4321 derivales...
795 4260 914 4320 matus
933 4262 1061 4320 sonticus
1081 4261 1306 4333 auspiciumve.
1325 4300 1357 4318 ..

218 4362 311 4419 status
324 4362 514 4423 condictusve
530 4364 593 4423 dies
608 4379 675 4423 cum
689 4363 786 4422 hoste:
800 4364 828 4421 si
840 4365 891 4423 eui
904 4378 1005 4422 eorum
1017 4363 1152 4421 harunce
1163 4376 1239 4435 quoe
1250 4376 1359 4421 caussa

219 4460 288 4530 erit,
304 4469 365 4523 ium
382 4507 390 4524 .
407 4506 416 4526 .
434 4468 454 4524 .'
470 4482 604 4548 prorsus
618 4469 657 4525 ut
671 4460 768 4525 Auct.
790 4460 834 4525 ad
848 4460 993 4524 Herenn.
1011 4459 1126 4525 scribit
1140 4457 1175 4522 Π
1193 4459 1248 4541 13,
1258 4458 1307 4538 Ι20
1322 4466 1361 4523 ‘ei

219 4564 268 4621 cui
281 4567 399 4627 morbus
410 4584 528 4627 sousa
543 4571 612 4643 esi’,
628 4562 706 4627 item
722 4561 836 4627 Cicero
852 4562 893 4627 de
909 4559 973 4647 leg.
990 4560 1088 4644 1114,
1108 4564 1142 4627 11
1163 4568 1295 4625 ‘sevcvor
1309 4568 1361 4641 qvi
