3409 5409
386 568 434 615 uu
457 568 509 614 uu
532 566 745 615 rsavnsavu
768 567 946 627 usurovus
975 565 1266 616 cousumvmms‘.
1344 550 1404 614 1119
1517 539 1522 547 “

251 744 315 788 uem
333 721 505 811 [debebatz
528 723 614 806 bove]
629 733 740 786 orrroto
754 742 890 786 uouemus
905 744 968 787 esse
978 725 1146 799 sertorum,
1168 720 1213 785 id.
1229 745 1262 789 v.
1279 720 1330 785 11.
1348 723 1397 794 15.

252 824 302 889 19.
326 824 367 888 Τ.
384 822 508 890 XXIII
522 824 566 889 49
586 828 645 889 ‘ost
665 836 698 889 tu
713 830 765 901 (eo
782 830 826 888 ito
838 826 956 903 [oxus.
978 823 1049 888 lunc
1070 828 1125 888 titi
1142 829 1275 902 nom)ine
1294 830 1402 903 colleqi

246 930 384 1003 fratrum
396 932 551 992 Arvalium
566 931 658 991 suas
673 930 808 1003 aarum
823 930 936 991 duotm
950 946 1085 991 vovemus
1100 946 1163 990 esse
1174 928 1342 1007 suturu)m’
1357 966 1399 975 -

248 1027 337 1093 idem
351 1028 571 1117 supplendum
586 1028 632 1095 ib.
643 1052 676 1095 v.
685 1028 739 1110 53,
753 1027 812 1095 ubi
826 1028 1005 1095 Marinius:
1029 1032 1139 1108 ε(ᾳαοιί
1151 1032 1239 1093 hodie
1254 1034 1398 1108 vovimus)

249 1141 322 1195 tuuc
335 1136 390 1196 titi
402 1137 433 1195 in
448 1136 554 1196 eodem
569 1135 660 1197 uerbo
675 1130 808 1217 no(miue
821 1136 929 1210 coiieqi
941 1153 970 1195 e.
986 1153 1016 1217 q.
1033 1130 1106 1216 s.){;
1122 1129 1160 1195 T.
1176 1130 1265 1195 XIX
1279 1140 1338 1215 ter,
1355 1131 1398 1196 of.

249 1255 284 1298 v.
299 1232 319 1297 8
335 1239 436 1298 ‘occis
450 1244 522 1297 iuno
537 1238 592 1298 tibi
611 1239 762 1298 incudem
778 1236 888 1299 vato’
905 1256 933 1297 e.
950 1256 981 1319 q.
998 1256 1024 1297 s.
1047 1232 1187 1319 denique
1203 1232 1243 1298 T.
1260 1230 1293 1296 V
1314 1242 1398 1298 extr.

248 1344 284 1399 et
298 1335 339 1399 Τ.
354 1334 460 1400 XXX
473 1359 532 1416 -3
549 1344 619 1401 tum
635 1356 677 1400 ex
693 1334 860 1401 Ciceronis
876 1334 1004 1419 legibus
1020 1332 1126 1416 1113,
1142 1334 1162 1398 9
1184 1338 1260 1399 ‘Ast
1279 1338 1400 1414 quondo

248 1440 382 1502 duellum
398 1443 539 1516 mosius,
562 1442 732 1508 discordiae
751 1442 860 1503 ciuium
886 1448 1003 1513 escunt,
1029 1456 1121 1501 cerrus
1142 1456 1181 1501 ne
1198 1442 1327 1517 amplius
1345 1457 1400 1501 sex

248 1558 424 1604 menses-
447 1547 565 1618 teneto’,
595 1545 667 1605 ‘ost
696 1544 817 1620 quando
845 1546 981 1605 conules
1007 1544 1185 1617 mouisterue
1207 1544 1319 1620 popuii
1345 1560 1400 1603 nee

248 1652 354 1719 aaut,
369 1647 480 1721 reliqui
491 1649 688 1722 moqistrutus
702 1664 740 1706 ne
753 1650 862 1707 sunto?
883 1644 915 1725 4,
935 1640 975 1706 10
997 1644 1074 1705 ‘Ast
1088 1644 1164 1720 quid
1176 1646 1235 1705 erit
1248 1646 1329 1721 quod
1341 1662 1399 1706 ea-

249 1754 301 1807 tro
315 1749 511 1822 moqistrotus
529 1751 650 1811 coerori
674 1765 758 1809 ocsus
777 1750 831 1825 sit,
857 1750 1025 1823 quieceret
1043 1748 1176 1823 populus
1196 1750 1321 1808 meato!
1360 1744 1398 1808 11

250 1852 321 1909 ‘ast
335 1850 409 1925 quid
422 1850 603 1912 turhossitur
617 1854 647 1911 iu
663 1852 796 1932 werdo,
814 1850 909 1925 froas
929 1852 1040 1910 actoris
1054 1851 1126 1910 esto’
1134 1844 1160 1931 ¹)
1178 1892 1186 1909 .
1203 1892 1211 1909 .
1230 1892 1238 1910 .
1259 1844 1315 1931 qui
1335 1844 1399 1909 loci

249 1969 287 2011 se
302 1948 442 2013 invicem
457 1946 639 2015 defenduut
651 1949 693 2015 ab
704 1949 857 2037 improba
868 1948 1015 2035 priorum
1028 1946 1189 2012 editorum
1197 1946 1400 2013 correctione

250 2057 311 2113 ‘osi
324 2055 373 2113 α’)
395 2049 462 2115 Sed
477 2051 511 2115 in
525 2051 576 2115 his
592 2052 755 2139 exemplis
777 2050 856 2139 quid
877 2048 1019 2115 maxime
1040 2070 1154 2115 ansam
1173 2050 1331 2136 praebeat
1352 2049 1398 2114 in-

249 2152 495 2239 terpretationis
515 2152 602 2236 eius,
629 2175 728 2241 quam
749 2148 968 2219 Buechelerus
995 2150 1113 2233 voluit,
1139 2174 1204 2218 non
1230 2172 1399 2238 assequor.

250 2252 355 2319 Immo
385 2265 502 2341 sponte
538 2254 722 2319 inculcatur
751 2252 1053 2321 condicionalis
1087 2252 1314 2340 particulae
1344 2276 1398 2319 no·

250 2354 342 2440 tio.²)
379 2356 489 2443 Atque
520 2356 609 2421 idem
632 2356 809 2442 persuadet
834 2354 932 2421 huius
959 2353 1096 2421 voculae
1124 2354 1255 2439 1anss
1276 2354 1398 2421 tabulis

250 2478 342 2522 usus.
364 2456 449 2522 Nam
464 2458 568 2525 verba
582 2458 685 2524 citata
699 2456 789 2545 apud
803 2458 938 2523 Festum
954 2478 986 2542 p.
1005 2455 1065 2521 162
1080 2462 1157 2521 ‘ost
1175 2464 1212 2521 ei
1228 2470 1326 2522 custos
1344 2478 1400 2522 uec

250 2564 338 2623 esoit’
358 2560 446 2647 quod
467 2561 662 2648 interpretes
685 2560 728 2625 ad
748 2559 856 2645 legem
878 2556 919 2623 de
939 2556 1058 2624 furiosi
1077 2558 1245 2625 curatione
1266 2558 1332 2623 Vi
1355 2559 1398 2627 ab

251 2662 397 2728 Auctore
416 2660 460 2727 ad
474 2662 620 2728 Herenn.
636 2671 670 2727 et
685 2660 843 2727 Cicerone
858 2658 992 2727 liberius
1015 2660 1170 2727 traditam
1190 2660 1397 2750 rettulerunt,

251 2771 339 2827 recte
353 2761 390 2828 id
405 2763 551 2851 quidem:
569 2764 666 2829 modo
681 2785 722 2830 ne
738 2785 812 2829 eam
826 2764 875 2829 ita
889 2762 1125 2829 constituamus
1146 2772 1185 2830 ut
1199 2786 1220 2829 a
1240 2764 1397 2829 recentio-

251 2865 343 2931 ribus
358 2865 556 2951 quibusdam
571 2865 694 2933 criticis
709 2888 783 2931 cum
797 2887 925 2931 summa
939 2875 972 2931 et
986 2864 1167 2931 sententiae
1179 2875 1212 2931 et
1222 2865 1398 2933 verborum

252 2964 447 3034 deuimemo
464 2969 673 3035 constitutam
688 2968 785 3035 video
800 2974 839 3034 ‘ei
848 2972 986 3045 furiosus
1007 2974 1094 3051 escit,
1115 2973 1282 3049 aequatum
1294 2976 1397 3061 penti-

250 3074 381 3148 itumque
395 3076 426 3133 in
440 3088 475 3133 eo
486 3077 677 3150 pecuniaque
690 3077 755 3136 cius
762 3082 900 3153 potestas
913 3082 991 3145 θεία·
1006 3082 1062 3135 ost
1076 3077 1106 3135 ei
1118 3084 1215 3136 mistos
1230 3092 1285 3137 nec
1298 3078 1397 3136 escit’:

251 3171 348 3257 quasi
363 3192 441 3237 vero
456 3178 560 3237 ‘aaut’
576 3172 674 3241 liceat
694 3174 890 3260 imperativo
911 3173 1167 3239 substituere-
1183 3174 1242 3239 sed
1262 3183 1299 3240 ut
1318 3174 1397 3239 iam·

252 3271 380 3359 pridem
398 3276 492 3340 unice
510 3275 716 3363 probabilem
737 3275 883 3342 reddidit
903 3274 1073 3343 Marcilius
1095 3282 1139 3341 ‘si
1153 3278 1291 3354 furiosus
1314 3284 1395 3351 escit,

207 3366 210 3371 ’
252 3387 311 3440 ost
324 3383 360 3441 ei
372 3390 497 3442 custos
511 3398 577 3442 uec
590 3383 699 3451 escit,
716 3383 808 3457 odqa.
820 3400 852 3458 q.
869 3384 901 3442 ia
915 3397 949 3442 eo
958 3398 993 3458 p.
1007 3384 1070 3443 eius
1081 3399 1114 3459 p.
1129 3387 1212 3444 esto!

253 3604 308 3653 ‘as’
321 3616 381 3654 cum
394 3603 468 3654 ‘abs'
484 3602 691 3668 praepositione
709 3602 805 3653 nescio
824 3616 876 3669 quo
894 3600 1107 3669 significstIonis
1120 3602 1232 3655 vinculo
1246 3604 1395 3657 cohaerere

253 3691 283 3738 et
299 3688 328 3738 in
346 3688 505 3755 compositis
524 3685 673 3753 ‘ospello',
692 3692 820 3756 ‘asporto
829 3690 847 3753 ³,
866 3688 996 3740 ‘astulit'
1016 3688 1133 3753 (Charis.
1152 3706 1178 3756 p.
1197 3689 1258 3757 211)
1280 3694 1394 3759 agnosci

253 3770 307 3824 tide
322 3772 466 3841 indignum
484 3778 535 3826 est.

322 3856 342 3922 ¹)
365 3858 553 3911 omittendum
571 3859 626 3910 init
642 3859 658 3920 ἕ
676 3860 709 3910 10
726 3863 784 3910 ‘ost
802 3867 921 3925 potestas
941 3877 992 3927 por
1013 3864 1124 3915 maiorue
1145 3862 1312 3928 prohibeam,
1333 3879 1394 3930 per-

251 3947 350 4010 scripta
368 3949 498 3997 smamo’
518 3943 590 4011 quod
607 3944 689 3995 huius
707 3944 764 3995 loci
786 3960 842 3996 non
861 3960 922 3997 esse
944 3952 1021 3998 recte
1039 3948 1141 3999 statuit
1158 3947 1348 3999 Buechelerus
1366 3952 1395 3998 in

250 4027 357 4080 Halmii
376 4030 441 4082 edit.
477 4030 514 4082 ci.
533 4030 549 4093 ἓ
567 4032 610 4082 28.

318 4112 340 4178 ¹)
360 4114 396 4168 ci.
413 4114 493 4167 modo
511 4129 572 4166 cum
589 4114 648 4166 iliis
665 4115 757 4165 Fratr.
770 4114 864 4167 Arval.
883 4118 1050 4170 testimoniis
1068 4118 1202 4171 formulas
1221 4135 1254 4170 ex
1273 4120 1394 4170 carmIne

251 4198 302 4251 Dis
320 4200 470 4252 evocandis
489 4201 654 4265 civitatique
673 4198 852 4252 devorandae
871 4218 919 4268 ap.
937 4202 1059 4254 Macrob.
1079 4203 1137 4255 Sat.
1157 4204 1199 4255 111
1217 4207 1233 4255 9
1251 4206 1286 4255 ‘si
1301 4208 1339 4254 ito
1353 4205 1394 4268 se-

250 4288 350 4345 res-itia,
368 4301 446 4338 voveo
462 4286 535 4337 sotis
552 4289 646 4350 tempta
662 4287 784 4350 tuamque
801 4287 941 4348 saetarum'
961 4292 989 4339 et
1007 4290 1041 4338 ‘si
1057 4288 1121 4339 iaec
1138 4292 1175 4340 ita
1189 4288 1286 4353 fomitis
1302 4295 1329 4339 st
1347 4306 1394 4353 eqo

250 4372 328 4422 sciara
357 4374 465 4423 serame
492 4374 696 4436 incensamque,
726 4378 799 4421 tunc
826 4374 940 4438 quisquis
961 4374 1009 4425 too
1036 4380 1119 4425 uotum
1139 4374 1223 4437 fucit,
1250 4374 1292 4425 abi
1312 4376 1393 4438 fouit,

250 4463 321 4507 recte
336 4456 434 4521 sactum
450 4462 526 4509 esto!
563 4455 681 4507 Omnino
699 4457 728 4503 in
753 4454 876 4521 antiquis
900 4458 1090 4523 precationum
1113 4458 1238 4511 formulis
1263 4460 1394 4525 frequens

252 4545 295 4589 est
306 4557 355 4607 per
372 4543 491 4593 ‘si-tum'
509 4542 682 4602 coniunctim
701 4538 737 4591 ci.
748 4538 846 4590 Livius
864 4542 937 4606 124,
955 4544 980 4595 8.
998 4545 1040 4608 32,
1060 4543 1085 4595 7.
1104 4543 1183 4595 XXII
1201 4548 1242 4609 5³,
1263 4548 1302 4597 11.
1322 4546 1392 4599 Pau·

250 4624 294 4678 lus
313 4644 373 4680 exo.
393 4645 427 4678 ex
443 4630 528 4679 Festo
547 4645 573 4694 p.
594 4630 642 4679 lto
660 4640 686 4678 v.
704 4623 834 4691 lapidem.
