3409 5409
332 526 380 576 us
402 526 595 576 vacuamus
619 526 670 575 xu
692 526 906 575 rsavuauvu
928 528 1215 579 luruasuurmvs.
1309 518 1350 583 27

206 705 270 770 quc
285 682 455 769 proprium
470 681 527 763 sit,
555 681 612 749 ubi
635 680 733 770 plene
759 682 901 749 nominis
918 682 1117 768 significatio
1132 682 1350 770 desideratur,

204 806 246 851 ca
266 785 308 850 dc
328 806 364 849 re
384 784 562 851 admodum
582 784 721 851 fluctuat
740 784 928 851 criticorum
950 785 1119 851 iudicium.
1154 788 1271 876 Itaque
1294 790 1351 876 qui
1373 860 1376 869 ,

181 966 184 971 Α
203 886 374 953 Aeliorum
389 888 575 975 fragmenta
591 887 806 973 collegerunt,
823 886 958 953 Stilonis
974 910 1040 955 van
1055 888 1239 974 Heusdius,
1261 891 1351 957 Galli

203 989 458 1074 lleimbacbius,
479 992 651 1079 utriusque
672 990 823 1077 Eggerus
845 988 969 1075 (Latini
994 1013 1091 1056 serm.
1110 1000 1232 1058 vetust.
1252 992 1349 1081 rell),

204 1092 283 1159 Sex.
299 1092 388 1159 Aelii
412 1104 445 1161 et
466 1092 561 1179 ,Galli
588 1094 775 1159 Dirkseuus
803 1094 854 1178 (in
874 1094 959 1160 libro
981 1093 1224 1161 ‘Bruchstitcke
1238 1118 1268 1161 a.
1287 1096 1351 1161 den

204 1194 372 1263 Schriften
383 1196 442 1263 der
451 1203 533 1263 riim.
541 1196 717 1279 Juristen’)
729 1206 763 1263 et
776 1183 968 1263 Huschkius
983 1196 1182 1284 (Iurisprud.
1195 1198 1350 1266 anteiust.

203 1320 288 1385 quae
304 1282 505 1385 supersunt)
528 1321 586 1385 pro
603 1298 740 1365 arbitrio
756 1294 913 1386 pleraque
923 1288 1169 1385 disposuerunt.
1192 1300 1261 1366 Noc
1272 1323 1351 1367 vero

206 1398 347 1465 multum
360 1400 526 1465 lucramur
540 1422 605 1465 van
621 1399 763 1467 Heusdii
777 1400 914 1467 consilio
929 1401 985 1487 qui
996 1400 1040 1467 ad
1051 1400 1090 1465 L.
1097 1401 1229 1467 Aelium
1241 1404 1353 1470 omnia
1378 1448 1381 1456 ·

206 1502 272 1567 nisi
297 1523 381 1589 quae
406 1502 450 1567 ad
475 1503 526 1567 ius
553 1501 651 1569 civile
680 1502 868 1589 pertineant
896 1502 1084 1569 revocanda
1113 1527 1185 1570 esse
1213 1506 1348 1571 statuit:

206 1604 357 1691 quamvis
378 1604 441 1671 boc
460 1606 532 1691 ipss
548 1604 661 1671 statim
675 1604 834 1673 concedat
850 1626 949 1692 saepe
962 1626 1081 1692 parum
1095 1606 1238 1672 discerni
1253 1630 1352 1694 posse

204 1708 261 1793 (de
275 1706 315 1771 L.
330 1706 426 1773 Aelio
443 1706 515 1773 Stil.
534 1707 670 1796 disquis.
686 1730 718 1794 p.
735 1707 801 1789 62).
830 1706 932 1773 Plura
953 1706 1039 1772 enim
1054 1716 1089 1773 et
1101 1707 1217 1775 Aelius
1234 1709 1351 1777 Gallus

203 1809 387 1897 disputavit
402 1832 485 1899 quae
499 1810 633 1897 propria
646 1809 727 1875 iuris
744 1808 850 1875 civilis
865 1833 932 1876 non
946 1818 1024 1875 sunt
1036 1848 1080 1861 —
1094 1810 1139 1876 cf.
1149 1833 1202 1899 ap.
1215 1812 1352 1879 Festum

141 1982 145 1989 ,
203 1936 237 1978 v.
253 1922 398 1995 torrens,
418 1922 586 1999 petrarum
600 1934 737 1998 genera,
762 1912 881 1995 saltria,
903 1910 970 1977 alia
984 1950 1027 1961 -
1040 1920 1075 1978 et
1088 1911 1203 1980 Aelius
1219 1912 1302 1981 Stilo
1316 1916 1353 1979 in

203 2013 286 2099 legis
299 2013 530 2102 explanatione
545 2016 701 2082 tractavit
716 2036 759 2081 ex
773 2014 898 2081 intimis
912 2014 994 2080 iuria
1010 2014 1117 2080 civilis
1129 2014 1352 2103 penetralibus

203 2116 334 2186 hausta.
373 2119 425 2197 Ac
451 2126 561 2185 tamen
587 2116 768 2206 simplicior
786 2118 870 2183 baec
890 2138 1009 2183 caussa
1028 2126 1081 2183 ast
1100 2141 1199 2205 quam
1219 2119 1353 2185 videtur

207 2241 290 2285 esse.
321 2218 406 2285 Nam
426 2221 569 2307 primum
583 2222 738 2288 continuo
753 2220 867 2307 procul
882 2220 1053 2286 habendus
1068 2229 1119 2288 est
1133 2220 1210 2287 Sex.
1224 2220 1352 2305 Aelius,

208 2322 301 2387 cuius
322 2330 355 2387 et
374 2332 503 2409 tempus
526 2334 559 2388 et
574 2322 738 2390 scribendi
758 2322 944 2406 consilium,
959 2321 1056 2409 quale
1070 2322 1174 2389 fuisse
1188 2322 1285 2388 modo
1300 2346 1352 2389 co·

206 2424 393 2510 gnovimus,
410 2423 615 2513 aliquantum
631 2425 733 2492 distat
747 2426 790 2491 ab
805 2426 944 2491 istorum
959 2425 1217 2510 fragmentorum
1231 2426 1352 2513 quibus
1389 2432 1393 2438 '

205 2526 247 2593 de
268 2525 400 2613 linguae
420 2528 548 2594 ratione
569 2526 759 2616 plerumque
779 2528 890 2613 egitur
904 2520 1107 2613 argumento.
1137 2528 1279 2595 Omnino
1295 2530 1352 2595 tri-

204 2629 402 2717 partitorum
416 2630 596 2717 posteriore
612 2639 721 2697 aetate
736 2630 875 2715 exiguus
890 2644 970 2697 usus
984 2629 1089 2695 fuisse
1104 2630 1251 2698 videtur:
1274 2653 1351 2719 quo·

204 2754 277 2797 rum
302 2732 479 2817 vestigium
504 2744 635 2821 praeter
659 2733 860 2821 paucissima
883 2732 943 2798 illa
966 2754 1050 2820 quae
1076 2755 1177 2822 supra
1201 2736 1353 2821 congessi

205 2833 329 2901 frustra
349 2835 505 2923 requiris:
536 2859 642 2922 neque
663 2859 774 2902 eorum
796 2833 897 2900 ullam
916 2837 1079 2902 rationem
1098 2837 1214 2903 Cicero
1235 2836 1353 2903 habuit

205 2958 279 3001 cum
294 2938 453 3025 expositis
469 2962 489 3005 a
503 2940 562 3006 Cn.
579 2938 693 3016 Flavio
709 2940 849 3025 primum
865 2938 1047 3005 actionibus
1063 2938 1170 3005 nullos
1185 2939 1287 3004 fuisse
1302 2938 1351 3005 ‹li-

205 3050 267 3121 cat,
284 3041 352 3128 ‘qui
363 3040 421 3105 illa
431 3041 605 3109 artificiose
619 3041 747 3127 digesta
758 3043 939 3127 generatim
953 3048 1194 3128 componerent’
1206 3041 1263 3129 (de
1274 3040 1353 3107 or.I

206 3140 360 3227 41,186).
380 3142 551 3210 Fallunter
562 3146 666 3231 igitur
678 3146 734 3231 qui
752 3144 828 3211 Sex.
843 3143 974 3211 Aelium
986 3143 1166 3211 aVarrone
1185 3146 1281 3211 citari
1292 3168 1351 3231 pu·

206 3251 278 3308 tant
290 3242 330 3308 de
342 3242 364 3311 l.
376 3244 398 3311 l.
406 3246 455 3312 VI
468 3246 714 3329 'l‘lntcmpcstam
726 3253 827 3313 Aelius
839 3252 957 3313 caecat
965 3267 1052 3327 quom
1063 3258 1176 3329 tempas
1187 3252 1300 3327 wanda·
1308 3258 1354 3313 est

205 3352 342 3409 nullum':
356 3346 445 3433 quod
458 3347 619 3414 Dirkscni
634 3360 850 3415 commentum
866 3348 902 3433 (l.
918 3349 940 3414 l.
955 3374 987 3435 p.
1003 3350 1061 3435 44)
1081 3350 1237 3436 probavit
1250 3350 1350 3416 Kam-

151 3524 154 3529 .
206 3446 290 3533 pfius
307 3446 375 3531 (ad.
393 3448 468 3515 Val.
484 3450 574 3515 Max.
592 3452 641 3516 IV
653 3452 682 3531 3,
699 3453 733 3517 7:
752 3452 808 3518 ubi
824 3474 933 3517 errore
944 3451 1026 3516 VI3
1041 3454 1224 3537 exaratur),
1240 3452 1275 3516 in
1285 3474 1351 3517 me·

209 3548 262 3613 dio
283 3548 484 3636 reliquerunt
504 3552 698 3619 Huschkius
714 3552 736 3617 l.
754 3553 774 3617 l.
791 3576 823 3640 p.
841 3555 906 3618 111.
928 3563 962 3618 et
981 3552 1172 3619 Rudorffius
1192 3554 1258 3641 Ip.
1273 3553 1348 3619 234.

206 3650 321 3739 Neque
336 3652 423 3719 enim
436 3692 478 3705 --
492 3664 530 3721 ut
545 3654 585 3721 de
601 3642 779 3722 re'tsceam
795 3657 880 3722 -is
901 3654 992 3722 locus
1013 3656 1179 3742 segregari
1200 3664 1310 3743 potest
1331 3679 1352 3721 a

206 3762 332 3841 septem
352 3754 487 3843 reliquis
509 3756 628 3845 quibus
651 3758 756 3823 Varro
777 3758 811 3824 in
833 3758 885 3825 his
911 3758 1006 3825 libris
1027 3758 1068 3823 L.
1089 3757 1178 3825 Aelii
1199 3758 1351 3844 magistri

206 3853 327 3943 placita
341 3857 375 3922 in
390 3858 562 3925 consilium
577 3861 724 3927 vocavit:
746 3860 804 3926 ubi
826 3862 883 3948 qui
903 3861 1107 3947 significetur
1128 3861 1265 3927 dubium
1284 3883 1351 3927 non

206 3966 266 4023 ost.
296 3958 382 4024 Nam
402 3962 490 4050 quod
511 3962 673 4050 quaedam
693 3986 734 4029 ex
755 3962 803 4029 eis
818 3964 915 4031 Aelio
931 3961 1030 4030 Gallo
1045 3973 1079 4031 et
1093 3963 1150 4030 alii
1164 3962 1352 4031 tribuerunt

207 4182 288 4232 quam
310 4166 386 4219 dicat
409 4168 533 4221 crebram
556 4171 629 4237 apud
647 4172 760 4225 Festum
783 4172 952 4223 mentionem
974 4186 1037 4225 essa
1055 4170 1178 4223 Orellius
1204 4172 1234 4223 in
1252 4169 1349 4222 Onom.

206 4252 280 4307 Tull.
298 4268 321 4309 s.
339 4268 366 4305 v.
384 4268 440 4306 non
457 4254 546 4321 magis
566 4254 692 4323 equidem
711 4272 843 4323 assequor
861 4272 944 4323 quam
962 4272 1015 4323 quo
1037 4259 1097 4308 iure
1114 4256 1276 4308 Huschkiua
1294 4256 1350 4307 Iar.

76 4334 78 4341 ’
207 4342 262 4391 ant.
285 4354 311 4404 p.
330 4340 362 4393 '13
380 4355 406 4390 n.
435 4338 465 4393 O.
489 4340 563 4392 Aelii
586 4342 732 4395 cuiusdam.
752 4343 859 4393 referat
881 4346 976 4395 extare
1001 4342 1074 4408 apud
1098 4341 1213 4393 eundem
1234 4342 1350 4392 Festum

207 4421 313 4488 aliquot
329 4440 363 4475 cx
381 4426 507 4477 oratione
525 4427 692 4493 fragmenta.
728 4420 758 4481 U.
776 4426 892 4479 Laelii
909 4425 1019 4491 quidem
1041 4432 1130 4480 oratio
1152 4444 1202 4493 pro
1225 4441 1257 4477 se
1275 4425 1350 4492 apud

207 4507 336 4573 populum
354 4513 464 4563 notatur
481 4527 508 4577 p.
529 4513 577 4565 193
596 4516 625 4563 et
642 4514 692 4565 314
709 4514 761 4578 ll,
780 4511 852 4577 quod
869 4527 969 4563 nomen
986 4513 1072 4563 etiam
1090 4529 1117 4579 p.
1137 4515 1187 4565 182
1204 4515 1280 4564 recte
1298 4524 1348 4577 pro

208 4590 295 4643 Coelii
313 4596 421 4647 nomine
439 4597 583 4649 substituit
599 4598 716 4651 Licuius
733 4600 762 4651 iu
780 4596 872 4650 indice
889 4595 1073 4653 Muelleriano
1092 4614 1118 4664 p.
1136 4599 1194 4651 441.
