3409 5409
719 482 925 588 cannetum·
984 536 990 545 ·
1343 522 1392 567 l'll

248 672 536 758 promulgationem
558 677 728 737 tabularum
756 697 923 738 aenearum
946 678 1044 758 ipsam
1067 700 1189 759 qnoque
1211 679 1393 739 decemviris

250 802 279 841 a.
297 782 358 841 304
381 778 576 839 tribuendam
592 780 731 853 inclinat,
756 780 867 839 nimius
891 789 938 838 cst
961 780 1089 864 inxLivii
1107 789 1137 838 et
1152 782 1283 840 Diodori
1307 782 1392 841 testi-

247 883 359 943 moniis
382 880 596 941 discemendis
620 892 651 941 et
674 882 714 941 ad
737 890 822 941 certa
845 882 974 941 consilia
996 882 1188 942 revocandis.

332 1005 362 1064 p.
381 985 418 1043 15
435 992 500 1043 551.
516 995 592 1045 extr.
628 983 708 1043 adde
723 986 947 1043 Mommsenum
969 984 1001 1043 iu
1017 982 1133 1042 Annal.
1149 984 1222 1045 inst.
1238 985 1391 1045 archaeol.

185 1077 190 1086 '
247 1088 329 1146 1858
345 1108 376 1165 p.
395 1089 453 1145 197
470 1106 502 1146 5.
521 1090 536 1143 1
561 1086 614 1165 qui
636 1085 751 1145 nodum
767 1085 902 1144 dissecat
917 1084 1089 1163 Pomponio
1106 1106 1229 1177 quoqne
1252 1088 1392 1145 ‘aereas'

248 1208 303 1268 pro
326 1188 482 1249 ‘choreis'
505 1186 624 1248 tabulas
648 1187 798 1275 tribuens.
818 1192 822 1213 ¹

260 1314 264 1323 .
332 1314 362 1371 p.
389 1293 427 1349 16
455 1312 486 1351 5.
518 1292 550 1363 1,
581 1293 600 1349 3
628 1290 771 1349 Eandem
800 1290 979 1369 opinionem
1007 1290 1216 1349 Mommseune
1247 1291 1391 1369 amplecti

245 1391 367 1451 videtur
389 1392 409 1449 l.
433 1392 454 1449 l.
477 1412 507 1471 p.
532 1394 592 1450 194
616 1411 647 1449 5.
670 1393 699 1451 3.
1303 1401 1307 1410 ’

331 1512 362 1572 p.
388 1496 425 1551 18
449 1501 513 1552 not.
557 1494 607 1553 De
628 1494 735 1555 Leone
758 1493 956 1553 Narbonensi
978 1494 1155 1573 sompnium
1177 1505 1291 1554 temere
1313 1497 1392 1555 inie-

246 1603 325 1654 5155
355 1596 524 1655 accuratior
551 1594 756 1655 consideratio
787 1597 912 1655 exemit:
944 1614 1011 1653 cum
1033 1597 1154 1655 Sidonii
1184 1597 1223 1656 de
1245 1597 1391 1657 Narbone

246 1716 367 1757 carmen
395 1699 526 1765 intera.
550 1699 628 1771 462,
667 1716 726 1777 qno
759 1697 831 1757 urbs
859 1718 879 1755 a
906 1697 1016 1757 Gothis
1047 1708 1138 1776 capta
1173 1708 1232 1771 cst,
1271 1710 1302 1759 ct
1328 1701 1391 1759 466

245 1799 440 1859 'l'hcodorico
469 1802 635 1859 etiamnum
664 1808 816 1875 regnante
838 1798 994 1859 conditum
1024 1819 1093 1858 esse
1123 1819 1162 1857 ex
1183 1819 1234 1858 vv.
1259 1804 1298 1859 68
1321 1822 1391 1881 sqq.

245 1902 444 1981 conspicuum
472 1902 521 1959 511.
566 1898 713 1959 Narbone
740 1900 834 1979 igitur
861 1900 926 1960 Leo
949 1902 1095 1960 Tolosam
1123 1911 1248 1961 vocatus
1277 1913 1324 1962 est
1352 1906 1391 1964 ad

245 2003 413 2063 consiliarii
428 2022 540 2063 munus
556 2002 793 2083 capessendum:
819 2000 858 2061 de
875 2023 936 2081 qno
952 2005 1018 2062 viro
1035 2004 1117 2061 omni
1132 2005 1283 2063 scientiae
1299 2005 1391 2066 lande

247 2104 329 2163 inter
350 2105 496 2184 aequales
520 2105 635 2191 insigni
658 2114 782 2183 praeter
804 2104 960 2164 Sirmondi
982 2115 1072 2163 notas
1095 2105 1136 2164 ad
1159 2104 1267 2165 Sidon.
1296 2129 1327 2186 p.
1351 2112 1389 2166 51

245 2209 337 2265 5181
362 2207 574 2267 Aschbacbina
597 2207 809 2266 consulendus
833 2215 880 2265 est
902 2208 985 2286 Hist.
1009 2207 1181 2284 Wisegotlr.
1205 2228 1237 2285 p.
1262 2212 1320 2267 158
1344 2229 1390 2289 sq.

329 2330 360 2387 p.
389 2312 429 2367 33
459 2318 537 2368 extr.
576 2317 634 2367 cet.
669 2306 732 2366 vid.
761 2308 884 2367 Koilins
917 2310 985 2388 ipsc
1022 2310 1120 2388 praef.
1149 2306 1391 2370 ad'Olrarisinm

245 2428 275 2487 p.
300 2410 429 2469 XXVII
451 2418 514 2469 not.
1302 2397 1307 2409 ’

329 2532 359 2591 p.
377 2512 426 2583 50,
445 2514 495 2570 28.
526 2512 597 2570 Non
615 2510 735 2570 dubitat
757 2510 796 2570 de
812 2509 982 2571 Seruianae
1003 2512 1081 2589 legis
1097 2513 1158 2571 fide
1172 2514 1390 2587 Mommsenns‚

245 2613 297 2693 qni
320 2612 393 2673 dnm
415 2613 580 2673 clientelae
603 2614 739 2672 rationes
767 2613 894 2672 rimatur
923 2614 1051 2691 Quaest.
1074 2635 1148 2675 rom.
1172 2636 1202 2695 p.
1226 2617 1287 2673 355
1310 2620 1393 2697 sqq.‚'

244 2734 282 2774 ea
307 2714 375 2793 lege
397 2716 528 2775 affirmat
550 2713 739 2793 praesidinm
767 2714 872 2774 clienti
896 2716 980 2795 qnod
1003 2736 1042 2775 ex
1064 2700 1136 2775 'inre
1159 2718 1243 2777 civili
1273 2720 1390 2777 nullum

243 2819 429 2897 suppetierit
450 2840 468 2877 a
490 2818 616 2896 patroni
638 2814 772 2891 iniuriis,
803 2816 961 2895 publicum
983 2827 1122 2897 paratum
1145 2820 1241 2879 fnisse
1268 2821 1326 2893 115,
1356 2812 1390 2881 51

244 2928 392 2998 patronus
414 2928 570 3000 tamquam
593 2918 779 2998 proditionis
795 2929 904 2979 contra
924 2922 1025 3001 ipsum
1045 2921 1194 3001 populum
1213 2924 1389 2983 commissae

244 3041 347 3099 poena
369 3021 542 3083 afficeretur
565 3020 610 3100 (p.
634 3023 695 3081 384
718 3018 790 3103 sq.).
834 3022 940 3081 Nihilo
963 3032 1065 3083 tamen
1095 3025 1191 3101 magis
1215 3026 1299 3104 qnod
1323 3046 1390 3086 eam

242 3125 349 3183 statuit
377 3123 493 3185 eisdem
515 3124 618 3184 vorbis
649 3145 729 3203 qnae
756 3124 850 3185 tradit
879 3124 1006 3185 Servius
1036 3127 1131 3185 auctis
1159 3126 1239 3185 adeo
1269 3128 1389 3189 addita·

243 3234 346 3286 mento
370 3246 409 3287 ex
430 3227 566 3304 Dionysi
590 3227 610 3285 1.
634 3245 659 3284 5.
690 3228 860 3306 repetendo
888 3230 983 3286 ‘Diti
1003 3228 1223 3301 patri'seccr
1250 3232 1328 3289 calo’
1359 3241 1389 3290 et
1491 3227 1494 3232 ⁴

242 3329 275 3386 in
297 3329 391 3407 regiis
413 3326 533 3407 legibus
557 3335 588 3385 et
615 3328 647 3386 in
670 3328 738 3387 XII
766 3328 877 3388 tabulis
907 3331 1109 3410 perscriptam
1138 3332 1290 3406 extitisse,
1320 3354 1388 3412 per·

242 3429 396 3490 suadendi
411 3432 474 3488 vim
495 3428 602 3489 habet:
627 3450 693 3489 cum
716 3433 897 3509 praesertim
919 3434 1021 3510 ipsum
1043 3433 1126 3492 baud
1149 3432 1264 3512 fugerit
1286 3437 1318 3493 in
1341 3437 1388 3495 his

243 3532 332 3591 nimis
354 3532 388 3590 in
410 3533 590 3591 universum
612 3532 778 3613 propositis
801 3541 915 3591 certam
936 3554 1075 3593 normam
1097 3534 1277 3595 desiderari.

328 3652 360 3711 p.
377 3636 415 3691 51
434 3652 466 3693 5.
483 3636 515 3707 3,
541 3637 558 3691 1
582 3634 693 3695 clarius
715 3654 802 3693 suam
816 3636 1023 3697 Mommscnus
1039 3637 1218 3716 opinionem
1229 3639 1387 3717 professus

243 3736 345 3797 55115
368 3735 576 3798 1155511551.
599 3736 681 3797 arch.
707 3739 787 3797 1858
810 3759 842 3818 p.
868 3739 938 3797 191.
961 3738 1002 3797 ib.
1025 3760 1056 3798 5.
1082 3743 1110 3799 1.

326 3860 357 3919 p.
382 3842 431 3914 64,
456 3841 484 3897 3.
528 3840 589 3901 Pro
612 3842 712 3921 ‘qnae
734 3840 830 3901 fucrit
855 3843 951 3901 ratio'
973 3843 1107 3902 scribere
1129 3844 1270 3905 volebam
1294 3849 1385 3927 ‘qua-

242 3942 302 4001 lem
329 3942 426 4003 fuisse
453 3942 606 4003 rationem*
630 3953 753 4003 veteres
781 3946 842 4023 ipsi
878 3946 1044 4023 putarint’.
1095 3947 1206 4027 Neque
1234 3950 1316 4009 enim
1346 3950 1385 4009 de

241 4064 324 4103 anno
356 4044 567 4119 decemvirali,
597 4045 629 4106 id
661 4056 708 4107 est
734 4054 855 4106 vetusto
885 4047 1004 4107 Numae
1032 4069 1115 4109 anno
1143 4050 1183 4109 ad
1212 4053 1385 4132 exemplum

240 4146 336 4207 Attici
359 4155 427 4207 octo
450 4167 601 4209 annornm
623 4150 702 4229 cycli
731 4149 961 4209 551555515-
983 4151 1113 4225 etsivia¹
1139 4152 1282 4213 instituta
1309 4176 1384 4234 qno-

240 4250 341 4311 51555
369 4257 546 4310 constanter
573 4260 746 4325 teneretur,
782 4252 947 4312 coniuncta
979 4274 1047 4312 cnm
1078 4254 1229 4333 religione
1262 4258 1385 4317 inscitia

241 4350 397 4431 prohibuit
421 4386 459 4396 —
484 4372 563 4432 quae
591 4354 766 4414 certissimis
794 4354 910 4414 Ideleri
939 4364 969 4414 et
995 4356 1178 4417 Mommseni
1208 4377 1277 4417 cum
1304 4380 1383 4419 com-

241 4453 449 4532 pntationibus
472 4463 535 4515 tum
557 4458 744 4517 coniecturis
767 4458 928 4538 explorata
950 4467 1021 4517 sunt
1045 4457 1200 4535 (Idalerus
1217 4460 1331 4522 Cbron.
1350 4462 1384 4523 II

241 4576 271 4635 p.
295 4558 334 4615 65
357 4576 404 4636 sq.
449 4558 655 4619 Mommsenns
687 4561 801 4621 Chron.
830 4580 905 4620 rom.
940 4582 970 4641 p.
1000 4561 1176 4641 ets-40),
1215 4566 1382 4627 cis-fidem
