3409 5409
333 523 381 570 on
403 522 455 571 x11
477 522 691 571 rssvnsnvss
712 523 890 583 astrosus
913 522 1201 573 cousrrrvnnnss.
1298 510 1337 575 81

187 676 299 741 fuisse
315 680 505 741 ‘honoris'
521 676 620 743 fidem
635 678 717 743 facit
731 677 854 743 Paulus
871 702 941 745 exc.
966 702 1006 744 ex
1018 678 1107 745 Fest.
1123 702 1155 767 p.
1167 680 1209 746 82
1220 703 1251 746 v.
1267 702 1339 760 erpo

188 828 294 845 .....
311 784 390 844 ‘nrm
405 785 533 845 dicimus
548 784 585 844 de
600 788 701 860 altono
717 786 841 845 “ustuo
855 786 982 847 donatos
995 792 1039 847 est
1052 786 1203 847 honoris
1217 788 1338 848 sirto-

186 890 321 963 risque
340 889 470 961 erpo”‚
497 891 517 947 τ’.
531 904 557 947 e.
577 888 606 946 Ιι.
629 906 657 948 υ.
673 889 800 958 comot-
815 883 857 949 cf.
876 889 1013 949 ‘tonores
1032 892 1121 964 erpo’
1137 882 1212 951 Liv.
1228 884 1290 967 18,
1307 886 1339 949 6.

187 986 328 1073 Optime
343 1008 420 1050 sane
436 985 479 1049 ad
494 986 692 1072 ‘pecuniam'
707 986 858 1067 honoris,
882 986 926 1051 ad
942 988 1086 1073 ‘ipsum’
1100 986 1231 1053 virtutis
1247 989 1337 1054 notio

168 1088 338 1174 respicit.
376 1088 422 1153 At
442 1110 484 1153 ne
504 1088 618 1153 eodem
638 1088 750 1154 facere
771 1087 863 1154 dicas
886 1087 975 1176 quod
995 1090 1143 1177 sequitur
1164 1094 1249 1169 ‘quis
1267 1110 1340 1170 erpo

185 1190 346 1254 tonosl'
369 1189 432 1256 loci
453 1190 539 1257 ratio
559 1200 661 1257 vetat.
697 1190 847 1278 Namque
868 1190 902 1255 ld
923 1191 1032 1277 ipsum
1052 1196 1137 1282 “toa
1159 1198 1227 1257 virt.
1249 1200 1338 1273 erpo’

184 1314 258 1359 non
274 1302 387 1379 aptum
408 1303 458 1358 est
483 1315 525 1357 ex
544 1294 647 1359 verbo
673 1294 760 1358 unde
783 1292 960 1359 voluerunt
979 1293 1122 1361 editores
1143 1296 1264 1359 ‘duitor
1282 1301 1338 1367 ei’,

185 1417 308 1461 verum
324 1417 366 1460 cx
382 1400 518 1475 ‘purit’:
538 1393 601 1461 hoc
617 1396 704 1459 enim
725 1394 907 1461 luculenter
927 1396 1047 1485 probat
1062 1392 1229 1462 Ciceronis
1250 1397 1339 1463 testi-

184 1498 340 1565 monium
357 1498 397 1563 de
412 1500 477 1582 leg.
493 1498 529 1563 II
543 1497 602 1581 24,
618 1498 661 1562 60
684 1502 758 1563 ‘Illa
779 1506 840 1563 tom
861 1504 1041 1577 stpaificotto
1060 1510 1104 1564 est
1121 1502 1222 1564 laudis
1242 1518 1339 1562 maro-

184 1610 293 1665 mento
308 1605 352 1665 od
364 1610 494 1666 mortam
506 1607 659 1681 pertinere
669 1606 750 1680 quod
762 1620 936 1666 eoronam
952 1608 1092 1667 virtute
1101 1612 1254 1681 portam
1269 1614 1298 1667 et
1311 1608 1341 1667 et

185 1710 244 1783 qui
254 1708 423 1783 peperisset
435 1713 464 1767 et
477 1710 542 1767 eius
553 1710 676 1783 parenti
687 1711 752 1768 sine
768 1708 888 1780 srarsde
902 1724 965 1768 esse
984 1710 1035 1767 lex
1049 1710 1216 1785 impositam
1231 1708 1338 1770 iubet’:

186 1826 257 1893 quo
274 1804 328 1869 vel
342 1828 408 1869 uno
424 1804 592 1870 distinctio
607 1803 671 1870 loci
686 1803 828 1870 Pliniani
850 1828 870 1870 a
885 1806 978 1871 Ianio
999 1806 1168 1893 proposita
1182 1806 1338 1873 reficitur.

186 1946 231 1957 -
246 1906 354 1973 Porro
369 1929 430 1994 pro
447 1911 575 1971 ‘duitor'
593 1944 630 1954 -
646 1907 695 1973 ita
709 1906 895 1975 Vossianus
916 1931 959 1973 m.
975 1930 1025 1995 pr.
1048 1918 1081 1974 et
1096 1908 1200 1973 Paris.
1217 1907 1239 1972 d
1259 1930 1302 1973 m.
1318 1909 1338 1971 2

188 2048 229 2059 —
249 2011 324 2075 sive
339 2013 510 2090 ‘docitur’‚
526 2018 564 2074 ut
578 2006 772 2091 Toletanus,
783 2025 830 2075 ‘ex
844 2032 909 2097 quo
926 2020 1114 2098 corruptum
1135 2021 1186 2075 est
1202 2014 1339 2076 ‘diuidi-

186 2118 252 2178 tur’
265 2113 302 2177 in
313 2110 524 2178 chiffletiano
537 2121 570 2177 ct
581 2111 688 2176 Paris.
705 2134 748 2177 nr.
764 2134 814 2198 pr.
827 2150 869 2159 —
891 2116 1055 2192 ‘arquitur'
1072 2135 1146 2178 cum
1164 2111 1237 2177 aliis
1254 2114 1336 2199 opti-

186 2239 262 2281 mus
284 2212 521 2279 Riccardianus
542 2222 576 2278 et
595 2214 751 2279 Vossiani
773 2236 889 2279 manus
911 2213 1015 2279 altera
1043 2252 1078 2262 —
1107 2237 1203 2301 quam
1229 2215 1338 2301 priore

186 2340 255 2383 non
271 2314 375 2382 multo
390 2338 462 2381 esse
476 2314 690 2381 recentiorem
705 2314 866 2382 iudicavit
876 2315 1064 2382 duRievius
1079 2314 1337 2403 apudDetlefse-

82 2448 85 2453 ·
187 2442 270 2485 num
285 2416 373 2483 Mus.
388 2417 479 2483 rhen.
499 2417 565 2482 XV
580 2417 644 2482 275
658 2455 701 2465 -
714 2427 895 2501 testantur3
917 2417 950 2483 id
975 2418 1064 2506 quod
1085 2428 1174 2484 certo
1196 2418 1337 2503 vestigio

187 2521 284 2588 ducit
297 2520 339 2585 ad
351 2519 520 2607 antiquam
535 2519 675 2585 formam
690 2519 780 2583 haud
792 2520 1008 2605 spernendam
1024 2524 1240 2585 ‘ardanna’
1259 2520 1336 2585 Fre-

186 2632 331 2711 quenter
345 2621 431 2686 enim
447 2623 619 2709 antiquum
634 2642 815 2687 sermonem
831 2629 903 2686 ‘ar'
921 2644 1098 2709 usurpasse
1119 2642 1178 2708 pro
1194 2620 1262 2686 ‘ad’
1277 2644 1334 2687 no-

187 2737 260 2792 tum
273 2734 341 2790 est:
359 2722 401 2788 cf.
415 2722 575 2789 Priscian.
589 2746 622 2809 p.
633 2723 697 2789 559
708 2723 744 2791 P.
757 2722 775 2787 I
789 2723 873 2810 pst
885 2724 928 2789 H.
946 2731 1108 2801 ‘arcessas'‚
1124 2730 1260 2800 ‘aestues’
1273 2734 1334 2789 etc.

188 2838 222 2895 et
236 2822 393 2913 exempla
412 2825 501 2913 apud
517 2824 750 2891 Schneiderum
765 2824 911 2894 Gramm.
928 2825 945 2891 Ι
959 2850 991 2918 p
1007 2826 1068 2893 257
1090 2834 1123 2891 et
1137 2824 1335 2893 Corssenum

189 2931 232 2995 de
252 2929 378 2995 Enunt.
400 2926 423 2992 l.
440 2926 461 2993 l.
478 2928 497 2993 Ι
517 2950 550 3013 p.
566 2926 607 2993 89
623 2951 672 3014 sq.
693 2926 849 3015 pleraque
871 2926 1022 3011 collecta,
1044 2929 1162 3016 quibus
1184 2926 1336 2993 addenda

188 3038 380 3098 ‘nrvocitore
398 3051 490 3111 saepe
509 3034 679 3095 advocore'
701 3053 743 3093 ox
763 3029 909 3095 Thomae
926 3029 1025 3095 Thes.
1041 3053 1117 3097 nov.
1134 3028 1253 3096 latinit.
1267 3028 1336 3094 Mai

189 3134 297 3201 Olass.
312 3143 399 3199 auct.
415 3132 502 3198 VIII
517 3156 549 3219 p.
560 3133 614 3216 56,
631 3138 789 3197 ‘ornatore
800 3153 859 3211 pro
873 3138 1034 3198 advolare'
1050 3132 1096 3199 ib.
1112 3132 1167 3215 60,
1183 3139 1338 3197 ‘occentet

189 3242 351 3302 adveniet’
373 3258 416 3325 ex
435 3232 562 3300 Placidi
577 3233 678 3319 gloss.
695 3235 826 3300 111435
840 3234 887 3299 Μ.
909 3240 1067 3301 ‘oroentre
1082 3254 1143 3315 pro
1156 3238 1239 3299 odv.'
1256 3234 1334 3299 Dio·

189 3340 301 3404 medes
317 3351 350 3425 p.
365 3338 438 3401 447.
468 3336 565 3417 Quod
580 3356 654 3401 cum
669 3348 743 3402 ante
759 3338 780 3402 b
789 3386 798 3419 ,
816 3338 847 3418 f,
864 3360 885 3401 v
906 3336 1034 3402 litteras
1050 3334 1138 3403 solas
1159 3337 1265 3401 locum
1281 3338 1335 3401 ha·

189 3442 268 3505 bere
285 3440 438 3507 Osannus
455 3438 499 3504 ad
515 3438 672 3526 Pompon.
689 3438 729 3503 de
744 3438 825 3523 orig.
841 3439 904 3503 iur.
920 3462 952 3525 p.
969 3438 1009 3503 68
1025 3448 1091 3503 not.
1114 3438 1334 3521 contenderet,

189 3541 314 3609 oblitus
330 3554 381 3608 est
395 3562 507 3608 corum
521 3562 605 3627 quae
619 3541 684 3605 iam
690 3540 878 3605 Priscianus
893 3541 1023 3607 notavit
1038 3546 1164 3620 ‘orper'‚
1182 3546 1334 3614 ‘arcesso’,

191 3651 325 3727 ‘orcio'‚
340 3643 429 3731 quod
445 3652 628 3708 extremum
643 3644 738 3709 novis
760 3642 956 3709 testimoniis
972 3642 1132 3730 probatur
1147 3649 1266 3709 ‘arsitio
1281 3664 1334 3709 vo-

190 3753 286 3812 cotr'o'
308 3756 341 3812 et
362 3749 471 3810 ‘orcita'
490 3750 602 3809 coeati’
624 3768 667 3810 ex
688 3743 797 3811 Gloss.
819 3755 886 3811 vet.
908 3744 986 3811 Mai.
1009 3744 1060 3811 VI
1079 3769 1112 3834 p.
1127 3746 1202 3812 509.
1231 3746 1334 3811 Porro

191 3847 421 3932 dignissimum
448 3856 563 3913 notatu
588 3846 775 3935 exemplum
801 3847 946 3913 Thomas
976 3848 1076 3914 Thes.
1107 3848 1335 3914 subministrat

190 3970 222 4034 p.
237 3952 279 4016 ot
296 3955 456 4028 ‘ordesos
476 3957 601 4024 sterilis,
622 3958 725 4029 exilis,
745 3954 861 4029 oham,
882 3958 1026 4015 exesus’:
1046 3949 1104 4016 ubi
1126 3948 1278 4016 vocalis
1299 3948 1334 4015 vi

193 4050 324 4118 videtur
338 4052 489 4119 effectum
505 4074 594 4135 esse,
617 4064 654 4119 ut
675 4074 796 4140 anceps
818 4076 917 4119 sonus
938 4064 1035 4139 atque
1055 4054 1170 4118 interr
1191 4062 1224 4117 ct
1239 4050 1260 4117 d
1275 4050 1333 4115 flu·

192 4162 307 4219 ctuans
322 4165 463 4241 utraque
478 4154 588 4220 littera
604 4155 854 4241 exprimeretur.
887 4154 976 4221 Haec
991 4163 1100 4219 autem
1121 4176 1188 4221 vox
1210 4152 1334 4218 sufficit

192 4252 234 4319 ad
248 4254 464 4323 refellendum
478 4256 566 4343 quod
587 4268 702 4324 contra
715 4256 953 4323 Schneiderum
967 4256 1096 4323 Pottius
1118 4252 1285 4320 contendit
1299 4253 1334 4317 in

191 4354 315 4422 Kuhnii
331 4361 417 4425 Anu.
433 4360 511 4446 ling.
527 4382 632 4446 comp.
648 4360 789 4426 132611.
805 4365 878 4424 ‘ar'
894 4368 927 4423 et
942 4358 1017 4423 ‘ad'
1033 4380 1099 4423 non
1115 4356 1185 4422 soni
1197 4365 1255 4422 aut
1269 4355 1334 4419 for·

193 4476 280 4541 mae,
296 4462 356 4527 sed
370 4464 444 4550 ipsa
459 4462 572 4548 stirpis
589 4461 782 4529 diversitate
796 4461 940 4546 seiungi:
962 4460 995 4525 id
1011 4459 1100 4545 qnod
1120 4481 1181 4524 nec
1195 4458 1333 4523 sanseri-

193 4566 299 4625 tarum
319 4587 437 4630 vocum
455 4567 549 4630 ‘arat’
569 4574 604 4629 ct
622 4561 723 4628 ‘adhi’
745 4584 850 4651 neque
872 4562 1060 4627 celticorum
1076 4560 1274 4627 ‘Armorica’
1291 4561 1333 4625 al.

244 4668 363 4726 seneen,
384 4676 448 4727 Legis
463 4676 503 4717 ΧΠ
517 4677 561 4718 tab.
575 4676 638 4727 rcltq.
1109 4666 1130 4731 6
