3409 5409
681 558 820 605 rsavos
843 560 893 605 111.
1303 541 1364 606 123

306 729 338 777 sl
359 729 491 795 votur,
515 728 580 777 SVO
610 728 741 777 vivire.
785 729 821 776 Nl
851 730 917 778 SVO
940 728 1053 794 VlVlT,
1084 710 1156 800 [er
1186 730 1259 777 EVM
1288 728 1362 777 vtu-

219 822 313 877 CTVM
334 811 502 900 HABEBIT]
526 830 652 879 LIBRAS
674 831 799 881 eteius
821 831 917 879 ENDO
942 831 1021 879 bins
1045 830 1151 879 DATO.
1182 832 1213 879 Sl
1236 831 1362 896 VOLET,

220 932 306 984 ans
328 931 436 981 DATO.

304 1154 431 1222 Gellius
454 1154 495 1219 N.
511 1156 553 1220 A.
568 1154 638 1220 XX
662 1157 692 1238 1,
714 1154 756 1219 46
772 1177 819 1241 sq.
842 1154 938 1223 ‘Erat
959 1164 1068 1223 autem
1090 1154 1140 1220 ius
1162 1155 1287 1222 interea
1309 1178 1363 1243 pa-

220 1256 381 1337 cisesndi,
409 1280 448 1321 ao
474 1257 540 1321 nisi
565 1256 652 1342 pacti
679 1256 805 1339 forent,
833 1256 1042 1325 habebantur
1069 1258 1103 1321 in
1129 1257 1270 1323 uinculis
1293 1256 1364 1323 dies

220 1358 401 1443 sexaginta.
448 1359 540 1423 Inter
562 1381 619 1424 eos
641 1358 709 1424 dies
732 1358 827 1424 trinis
847 1358 1000 1423 nundinis
1023 1353 1185 1425 continuis
1208 1358 1251 1424 ad
1272 1381 1360 1447 prae

219 1461 380 1526 torem-in
401 1461 569 1526 comitium
589 1460 854 1549 producebantur
876 1470 1080 1548 quantaeque
1102 1460 1260 1547 pecuniae
1281 1460 1364 1527 iudi-

220 1563 286 1629 cati
307 1572 419 1629 essent
439 1561 716 1650 praedicabatur)

305 1799 431 1867 Gellius
453 1799 474 1864 l.
497 1800 517 1864 l.
545 1802 597 1865 47.
627 1698 900 1867 ‘Tertiisssautem
927 1801 1083 1867 nundinis
1111 1804 1220 1889 capite
1241 1822 1364 1889 poenas

220 1901 344 1969 dabant
365 1913 423 1968 aut
446 1913 538 1969 trans
561 1902 708 1969 Tiberim
730 1924 867 1990 peregre
889 1925 1009 1969 uenum
1031 1904 1146 1971 ibant.’

218 2178 322 2244 larum,
346 2195 417 2245 quae
442 2179 517 2231 actio
537 2178 605 2230 talia
629 2183 703 2231 erat:
727 2180 774 2245 qui
797 2180 901 2246 agebat
923 2180 965 2231 sie
989 2179 1223 2249 dicebat=‚‘quod
1246 2184 1276 2232 tu
1298 2182 1364 2231 mibi

220 2265 358 2316 indicatus
375 2266 435 2316 sine
453 2266 601 2315 damnatus
619 2280 649 2315 es
665 2266 827 2315 sestertium
838 2262 864 2314 X
877 2262 967 2328 milia,
986 2280 1057 2331 qnae
1076 2265 1132 2329 (ald
1152 2264 1227 2330 (h)oc
1245 2282 1300 2318 non
1312 2266 1365 2319 sol-

218 2350 300 2419 uisti,
318 2350 354 2401 ob
373 2366 434 2402 eam
456 2364 514 2401 rem
532 2366 584 2415 ego
605 2348 660 2399 tibi
682 2348 841 2400 sestertium
859 2348 884 2400 X
903 2349 1007 2401 milium
1030 2350 1151 2401 iudicato
1174 2366 1272 2401 manns
1296 2349 1364 2415 (ma-

219 2451 285 2487 num
301 2434 449 2501 Ilefftema)
469 2435 583 2497 inicio'3
609 2438 637 2485 et
658 2434 739 2484 simul
762 2434 886 2499 aliquam
909 2439 1016 2501 partem
1041 2436 1100 2487 eius
1124 2435 1293 2502 prendebat,
1312 2451 1364 2487 nee

219 2520 327 2573 licebat
348 2520 473 2571 iudicato
491 2534 601 2570 manum
619 2518 674 2570 sibi
690 2518 831 2585 depellere
850 2526 879 2569 et
896 2534 946 2585 pro
969 2536 1000 2571 se
1023 2508 1086 2587 lege
1109 2534 1207 2586 agere,
1231 2520 1280 2573 sed
1302 2521 1362 2571 uin-

220 2606 308 2657 dieem
327 2605 422 2669 dabat,
442 2604 488 2670 qui
505 2620 555 2671 pro
573 2619 605 2656 se
623 2620 735 2656 eausam
748 2620 833 2671 agere
846 2604 970 2657 solebat:
990 2607 1037 2671 qui
1048 2604 1186 2657 uindicem
1199 2621 1254 2655 non
1267 2605 1362 2667 dabat,

132 2738 136 2744 .
219 2692 328 2743 domum
346 2689 500 2741 ducebatur
518 2692 553 2741 ab
575 2693 671 2741 actore
690 2694 718 2739 et
734 2689 931 2741 uinciebatur.’
968 2689 1320 2755 et.Dig.50,16,aee§
1341 2692 1362 2743 1.

220 2776 307 2827 Gaius
325 2775 344 2825 l.
357 2776 385 2826 11
404 2772 440 2826 ad
458 2774 549 2841 legem
560 2774 615 2827 XII
631 2773 799 2827 tabularum.
822 2774 973 2839 ‘Locuples
992 2779 1035 2825 est
1054 2775 1102 2839 qni
1119 2775 1189 2825 satis
1202 2774 1301 2827 idonee
1314 2775 1364 2825 ba-

218 2863 266 2914 bet
281 2876 331 2927 pro
349 2859 540 2925 magnitudine
561 2860 602 2911 rei
624 2874 707 2925 quam
726 2864 805 2911 ector
822 2859 1023 2911 restituendam
1048 2874 1109 2910 esse
1133 2860 1226 2926 petit)
1263 2860 1364 2911 Festus

219 2964 247 3015 p.
267 2948 316 2997 165
334 2945 373 2995 M.
390 2946 521 2996 ‘Neruam
539 2943 713 3011 appellamus
732 2946 816 2995 etiarn
834 2945 956 2995 ferreum
973 2944 1115 2997 uinculum
1139 2960 1194 3009 quo
1210 2944 1296 3012 pedes
1314 2946 1364 2996 im·

220 3031 387 3100 pedinntur.’
410 3029 447 3081 of.
461 3030 557 3081 Liuius
569 3030 634 3081 vm
646 3032 688 3093 28,
699 3033 725 3084 8.
779 3028 827 3094 (4.)
844 3030 880 3082 D.
893 3030 935 3093 50,
949 3030 992 3097 16,
1005 3031 1055 3081 234
1067 3030 1082 3091 ς
1096 3033 1118 3082 1.
1138 3029 1201 3083 (iai.
1214 3029 1234 3083 l.
1247 3030 1266 3081 l.
1285 3030 1364 3081 ‘Ver-

221 3117 285 3169 bum
301 3116 422 3166 uiuere
440 3113 550 3179 quidam
568 3118 669 3181 putant
686 3114 722 3165 ad
739 3113 830 3165 cibum
842 3115 992 3181 pertinere.
1017 3113 1072 3164 Sed
1084 3112 1182 3167 Ofilius
1195 3114 1230 3166 ed
1241 3114 1364 3167 Atticum

220 3204 262 3253 ait
279 3202 322 3253 bis
339 3200 434 3253 uerbis
455 3202 484 3251 et
500 3200 669 3251 neatimsnta
691 3202 720 3250 ct
742 3202 897 3250 stramenta
916 3199 1063 3251 contineri:
1088 3200 1154 3251 sine'
1171 3198 1214 3251 his
1233 3200 1305 3251 enim
1324 3200 1364 3250 ui·

219 3302 285 3339 uere
303 3286 441 3338 neminem
457 3288 561 3351 posse.’
598 3284 635 3334 ei.
653 3271 799 3336 Terentius
817 3284 926 3337 Phorm.
945 3284 973 3335 11
992 3287 1016 3349 2,
1036 3287 1069 3335 20
1088 3300 1113 3336 e.
1130 3285 1238 3337 Donati
1256 3300 1352 3340 comm.

194 3405 198 3411 ’
287 3388 312 3442 b.
336 3386 423 3439 Gaius
440 3387 509 3439 Inst.
526 3384 568 3436 ΙΙΙ
587 3387 619 3438 78
641 3386 731 3437 ‘Bona
753 3389 846 3436 antem
865 3390 987 3437 uenannt
1009 3391 1058 3436 aut
1079 3386 1203 3438 uiuorum
1223 3390 1272 3438 aut
1292 3402 1364 3439 mor-

219 3478 335 3525 tuorum.
369 3471 502 3522 Viuorum
519 3470 599 3521 uelut
621 3484 728 3533 eornm,
747 3470 795 3534 qni
812 3470 996 3521 fraudationis
1015 3484 1102 3521 causa
1125 3470 1237 3523 latitant
1250 3506 1361 3526 ......

219 3558 286 3609 item
305 3556 487 3608 iudicatorum
504 3560 568 3621 post
584 3562 705 3621 tempus,
725 3553 796 3620 quod
815 3555 856 3605 eis
875 3555 975 3619 partim
988 3554 1050 3621 lege
1063 3554 1116 3605 XII
1129 3554 1287 3607 tabularum
1300 3572 1362 3622 par·

218 3643 270 3693 tim
288 3642 380 3693 edicto
402 3640 540 3706 praetoris
563 3639 597 3689 ad
622 3638 821 3705 expediendam
844 3638 991 3705 pecuniam
1014 3638 1165 3690 tribuitur.'
1191 3640 1227 3693 ei.
1246 3640 1362 3707 Dionys.

219 3726 311 3779 Helie.
330 3726 368 3776 Vl
386 3726 420 3776 8³
437 3724 483 3775 sut
502 3722 527 3775 εῐ
543 3737 633 3775 τινων
650 3722 705 3790 ἤδη
723 3724 760 3775 τὰ
783 3721 900 3787 εώματα
918 3720 1104 3789 ὑπερημέρων
1123 3722 1219 3776 ὄντων
1236 3729 1298 3779 ταῖς
1317 3741 1362 3779 νο-

220 3807 310 3875 μίμοις
328 3806 507 3874 προθεεμίαι(
525 3807 686 3874 κατέχεται,
705 3808 860 3860 καὶταῦτα
878 3806 1013 3873 ἐλεύθερα
1030 3806 1103 3861 εἶναι
1121 3806 1262 3873 κρίνομεν.

287 3914 311 3963 b.
331 3910 438 3962 Gellius
450 3910 483 3961 N.
496 3908 529 3961 Δ.
542 3910 594 3963 XX
612 3914 636 3975 1,
654 3912 688 3961 48
706 3910 789 3962 ‘Nam
807 3912 833 3961 si
850 3910 945 3977 plures
964 3911 1067 3969 forent,
1088 3911 1186 3975 quibus
1205 3927 1268 3963 reus
1287 3918 1363 3965 esset

218 3995 369 4054 iudicatus,
390 4010 500 4056 secare,
520 3996 545 4047 si
561 3995 682 4059 uellent,
701 4000 784 4061 atque
807 3996 907 4062 partiri
924 4010 1023 4061 eorpus
1041 3994 1146 4046 addicti
1169 3996 1222 4048 sibi
1245 3996 1362 4048 hominis

218 4082 411 4147 permiserunt.
445 4082 483 4131 Et
499 4080 609 4146 quidem
627 4082 714 4132 uerba
732 4083 795 4148 ipsa
812 4080 884 4146 legis
901 4080 1006 4143 dicam,
1025 4095 1060 4130 ns
1074 4081 1216 4132 existimes
1228 4082 1362 4133 inuidiam

220 4182 264 4218 ma
281 4166 364 4217 istam
382 4166 454 4217 forte
471 4164 635 4218 formidaret
654 4166 815 4230 ‘Tertiis,
832 4165 937 4231 inquit,
956 4164 1130 4217 nundiuie'
1150 4203 1156 4215 .
1176 4206 1182 4220 .
1202 4202 1210 4218 .
1240 4166 1276 4217 ci.
1296 4171 1361 4217 ante

220 4428 291 4481 nexi
300 4442 332 4497 ρ.
345 4428 384 4481 83
398 4442 427 4481 n.
442 4428 505 4481 100.
573 4422 603 4481 4.
626 4440 687 4480 eum
702 4424 783 4481 libri.-
799 4440 841 4479 em
854 4423 987 4495 plerique
997 4423 1121 4481 editores
1135 4430 1162 4481 et
1177 4428 1357 4495 interpretes.

221 4512 268 4583 qul
285 4540 325 4551 -
341 4508 451 4567 babebit
465 4512 547 4565 eneis
559 4511 666 4580 scepei.
715 4507 795 4565 larris
810 4510 880 4564 endo
897 4508 1071 4565 Gronovius:
1087 4508 1152 4566 ferri
1167 4509 1236 4567 endo
1254 4507 1358 4568 Christ.

224 4594 362 4652 sortiendo
377 4595 473 4651 Petet.
491 4594 586 4651 Germ.
601 4591 690 4667 Mayl.
714 4592 836 4650 feriendo
860 4592 938 4650 Vosa
956 4593 1023 4651 min.
1039 4594 1092 4653 etr.
