3409 5409
363 454 422 518 102
781 466 895 515 cnrvr
919 464 1096 527 Qvaurvu.

360 623 401 689 de
416 622 541 689 Enunt.
558 622 575 688 I
591 622 691 688 96.—
703 619 773 687 Sed
788 619 950 707 gravioris
966 618 1077 685 mendi
1092 618 1232 707 suspitio
1246 629 1297 685 cst
1311 620 1349 685 in
1364 618 1548 686 membro
1638 648 1639 669 ¹

360 726 449 813 quod
464 726 616 814 proxime
630 724 778 811 iungitur
794 730 874 788 ‘cum
884 732 1033 803 perorant
1045 725 1131 787 umbo
1143 730 1341 801 praesenter:
1357 745 1428 809 qus.
1444 730 1547 787 tem·
1638 738 1639 767 ³

360 828 450 917 poris
467 826 708 915 significatione
726 835 895 913 tamquam
915 826 950 890 in
971 836 1162 892 transcursu
1182 824 1306 891 inserta
1321 836 1356 891 et
1378 823 1483 911 leg-is
1504 826 1547 887 in

362 929 534 996 sententiis
554 929 739 1016 pangendis
760 926 955 1015 simplicitas
981 928 1108 1013 etipsa
1131 927 1180 992 roi
1206 926 1329 991 veritas
1358 926 1545 991 violatum.

360 1032 488 1119 Nempe
513 1032 658 1119 insequi,
684 1053 750 1097 non
775 1030 929 1117 prosequi
953 1050 1089 1094 caussae
1118 1028 1355 1095 coniectionem
1385 1027 1544 1096 solebat

360 1134 540 1222 peroratio,
555 1132 590 1197 in
605 1154 712 1219 eaque
723 1132 823 1199 cardo
838 1132 939 1198 totius
955 1130 1093 1197 actionis
1108 1130 1232 1218 positus
1247 1130 1328 1197 fuit:
1346 1130 1391 1195 cf.
1411 1132 1542 1198 Gaius

362 1234 413 1301 IV
430 1234 470 1301 15
485 1239 614 1300 ‘Deinde
627 1255 695 1300 cum
709 1239 753 1299 cd
765 1239 893 1299 indecem
908 1244 1066 1311 renuant,
1082 1244 1167 1298 ante
1186 1252 1293 1313 quom
1313 1237 1420 1314 opud
1440 1254 1541 1297 eum

361 1356 516 1403 causam
532 1346 776 1417 perorarent,
800 1340 934 1401 solebam
952 1340 1078 1400 brevem
1099 1342 1129 1401 ei
1146 1347 1175 1401 et
1194 1342 1282 1415 quusi
1302 1354 1364 1415 per
1384 1339 1539 1401 indecem

361 1460 427 1505 rem
440 1459 606 1520 exponere,
622 1460 700 1519 quoe
715 1444 871 1504 dicebatur
885 1458 997 1505 cumae
1010 1444 1150 1504 coniectis
1166 1438 1312 1524 (collectio
1322 1435 1412 1522 cod.)
1428 1444 1542 1517 quasi

361 1562 473 1607 cumae
487 1562 560 1607 suae
572 1549 603 1607 ia
619 1547 706 1607 breve
719 1548 854 1606 coactio?
869 1578 904 1588 -
920 1540 1128 1627 Quamquam
1139 1540 1330 1626 neutiquam
1346 1539 1536 1605 satisfacit

362 1642 509 1711 violenta
525 1642 686 1730 Scaligeri
704 1641 832 1708 medela
852 1644 953 1709 etiam
973 1642 1015 1709 ab
1030 1643 1151 1709 Ursino
1167 1634 1280 1735 Lipsio
1295 1641 1445 1708 Funcoio
1463 1664 1532 1707 re-

362 1755 476 1833 cepta,
503 1768 569 1833 qua
594 1756 699 1813 totum
724 1744 909 1811 membrum
934 1746 1077 1811 resecuit
1106 1756 1204 1832 atque
1232 1764 1292 1831 pro
1323 1750 1333 1780 ‘
1336 1752 1511 1824 praesenti
1518 1750 1532 1779 ’

363 1845 483 1912 deinde
499 1847 672 1914 substituit
686 1840 1078 1928 ‘praesentitur-ambobus!
1106 1848 1175 1913 Nec
1190 1846 1307 1912 melius
1329 1846 1378 1910 rei
1398 1868 1420 1911 a
1434 1844 1529 1913 Cos-

361 1970 458 2014 mano
485 1948 672 2015 consultum
699 1949 830 2036 estqui
855 1972 897 2014 ox
923 1949 1095 2037 temporali
1119 1948 1292 2016 relativam
1314 1950 1528 2015 sententiam

362 2049 525 2117 reddidit:
553 2058 662 2131 ‘quam
683 2062 887 2133 perorante.
912 2058 957 2131 p.'
994 2052 1070 2140 Ipse
1099 2052 1202 2137 igitur
1231 2072 1305 2116 cum
1335 2050 1525 2138 aliquando

362 2162 576 2240 temptassem
600 2162 715 2220 ‘coram
738 2167 903 2235 perorante
922 2158 1007 2219 orabo
1023 2161 1080 2237 p.’,
1100 2154 1166 2219 iarn
1186 2152 1405 2220 libentissime
1431 2152 1523 2219 cedo

362 2254 501 2340 Bergkii
516 2258 658 2321 acumini
679 2279 743 2343 quo
764 2267 844 2344 puto
865 2256 901 2322 id
923 2257 1034 2344 ipsum
1055 2254 1142 2344 quod
1162 2253 1331 2342 flagitatum
1353 2256 1424 2320 sinc
1448 2254 1522 2322 ullo

361 2356 511 2424 lectionis
535 2357 678 2424 traditae
700 2358 895 2425 detrimento
912 2360 1102 2424 restitutum
1117 2380 1204 2423 esse:
1222 2363 1315 2422 ‘com
1325 2364 1518 2438 perorunro’

363 2459 465 2545 (Mus.
480 2460 530 2525 rh.
546 2459 601 2547 ph.
617 2460 705 2526 XIX
720 2459 873 2548 605111.)
910 2460 997 2525 Nam
1018 2460 1106 2547 quod
1126 2460 1197 2547 ipse
1219 2458 1326 2525 voluit
1344 2458 1519 2545 Bergkius

363 2572 513 2643 ‘comque
524 2571 655 2643 peror.':
669 2562 787 2651 copula
800 2561 891 2628 haud
906 2570 1043 2648 gravate
1063 2561 1245 2627 carebimus
1267 2562 1302 2626 in
1318 2561 1389 2648 lege
1397 2611 1407 2645 ,
1428 2585 1519 2649 quae

363 2663 526 2752 asyndeta
539 2664 674 2730 minime
688 2666 860 2751 spreverit.
900 2670 987 2729 ‘com'
1009 2672 1119 2729 autem
1140 2673 1273 2729 vetusta
1292 2662 1433 2750 forma¹)
1455 2687 1519 2751 per

364 2766 524 2853 seposita
537 2775 575 2831 ut
589 2765 794 2832 Graecorum
809 2767 866 2835 εύν
881 2804 923 2814 -
938 2766 980 2831 cf.
997 2766 1032 2830 in
1047 2764 1164 2853 Cyrilli
1180 2764 1235 2832 (sl.
1251 2766 1325 2843 ‘scon
1341 2768 1440 2849 eriv’,
1458 2764 1518 2832 Gl.
1541 2798 1547 2805 ·

362 2868 471 2934 Labb.
492 2872 567 2933 ‘con
589 2879 619 2932 et
636 2888 704 2933 cum
725 2868 809 2935 criv'
830 2868 1030 2955 -apprime
1056 2868 1212 2934 convenit
1232 2866 1303 2933 XII
1324 2866 1517 2935 tabularum

363 2968 564 3055 antiquitati.
672 3001 678 3015 =

448 3069 590 3135 Omnino
617 3079 727 3136 autem
751 3072 1011 3159 praepositiones
1037 3072 1072 3135 in
1097 3071 1171 3159 lege
1196 3073 1367 3160 propriam
1389 3074 1458 3139 vim
1482 3086 1519 3143 et

362 3170 551 3239 llbertatem
565 3173 709 3259 quodam
730 3173 826 3240 modo
848 3172 1022 3238 retinuisse
1045 3172 1195 3261 exemplo
1216 3187 1293 3243 sunt
1313 3176 1448 3243 aFesto
1470 3178 1516 3243 ci-

336 3341 346 3355 „
363 3280 436 3339 tata
449 3276 611 3353 ‘consque
626 3280 714 3341 deto'
735 3280 889 3354 ‘cndoqeae
900 3282 1036 3355 ploroto’
1045 3302 1056 3350 ,·
1071 3286 1108 3341 ut
1122 3276 1257 3359 rectius,
1272 3277 1307 3342 ni
1322 3276 1432 3361 fallor,
1449 3280 1516 3345 dis·

363 3372 534 3462 tinguatur
562 3378 661 3443 etiam
687 3382 775 3443 ‘endo
802 3382 904 3443 iacilo’
932 3375 1035 3463 (12),
1067 3383 1132 3457 ‘qur'
1154 3383 1265 3458 [rupes
1289 3400 1330 3445 ex
1355 3388 1516 3447 concessi?

365 3476 467 3561 (VIII
482 3477 516 3564 7)
532 3480 638 3567 sim.²)
661 3480 754 3547 Idem
769 3481 859 3547 valet
873 3480 914 3545 de
930 3479 993 3545 alio
1008 3479 1252 3566 compositionis
1267 3503 1404 3567 genere,
1420 3484 1516 3550 velut

364 3584 486 3644 ‘omum
501 3585 602 3646 dcuit'
619 3582 684 3668 (IV
703 3583 739 3671 2)
763 3621 797 3630 -
822 3583 866 3647 of.
888 3580 1011 3647 Pacuv.
1030 3580 1088 3645 121
1106 3580 1146 3645 R.
1168 3581 1275 3648 Plaut.
1299 3582 1401 3650 Mero.
1422 3585 1513 3667 113,

365 3682 406 3746 19
421 3680 524 3765 (354).
547 3682 675 3748 Gellius
692 3684 732 3748 N.
748 3688 791 3750 A.
807 3683 877 3748 XX
894 3686 921 3766 1,
940 3682 979 3747 19
996 3681 1155 3767 (Thomas
1171 3682 1271 3750 Thes.
1287 3708 1319 3772 p.
1337 3684 1401 3751 626
1417 3684 1464 3752 Μ.
1480 3698 1514 3753 ct

364 3780 475 3848 Gloss.
490 3782 595 3849 Paris.
612 3807 645 3871 p.
656 3785 821 3851 290Hi1d.
838 3794 957 3852 ‘oenum
971 3789 1112 3851 venditio’
1129 3786 1206 3873 (?)),
1228 3796 1286 3852 aut
1300 3793 1384 3853 ‘usus
1404 3780 1513 3855 aucto-

363 3889 451 3949 ritcs’
466 3884 513 3972 (V
524 3882 589 3972 13),
607 3893 690 3952 ‘usus
703 3894 804 3970 capio’
822 3888 904 3974 (VII
916 3888 963 3974 4),
979 3887 1021 3953 cf.
1039 3891 1158 3953 ‘suesce
1172 3890 1315 3954 dctio'in
1330 3888 1405 3976 lege
1420 3890 1510 3957 Gall.

432 4177 452 4243 ¹)
472 4182 547 4229 ‘con’
566 4180 730 4231 recentioris
748 4180 864 4247 originis
880 4182 934 4242 est;
954 4178 991 4230 cs.
1004 4178 1176 4233 Bitschelius
1193 4180 1228 4231 de
1247 4180 1329 4234 tltnlo
1342 4182 1512 4236 Mummiano

361 4262 420 4315 lnd.
439 4262 526 4316 schol.
545 4264 631 4317 Bonn.
652 4265 718 4316 1852
736 4281 763 4331 p.
781 4266 829 4317 VI.
867 4264 900 4317 G.
920 4264 1032 4316 Curtius
1050 4264 1141 4332 Etym.
1160 4281 1201 4332 gr.
1220 4265 1300 4321 elem.
1319 4268 1348 4319 11
1368 4269 1425 4319 120.

430 4346 452 4414 ²)
472 4348 509 4400 cf.
527 4348 666 4416 Bergkius
683 4349 716 4400 de
735 4366 819 4406 carm.
839 4348 941 4402 Saliar.
959 4348 1018 4401 Iud.
1037 4350 1126 4401 Marb.
1147 4347 1241 4415 ratila
1260 4368 1286 4419 p.
1304 4352 1352 4406 VI.
1384 4354 1510 4409 Ritsche·

362 4434 416 4486 lius
438 4434 526 4486 Prisc.
549 4434 629 4491 latin.
652 4450 722 4487 mon.
743 4436 828 4503 epigr.
847 4432 949 4487 Index:
971 4434 1060 4489 Notae
1085 4443 1231 4503 anagnost.
1267 4438 1459 4491 Buechelerus
1482 4440 1510 4491 in

361 4518 542 4571 Fleckeiseni
559 4517 660 4573 Annal.
678 4518 745 4586 phil.
764 4522 797 4574 87
815 4538 843 4587 p.
861 4520 921 4573 339.
