3409 5409
791 535 929 584 risvns
951 535 997 581 VI.

408 791 522 857 Cicero
538 791 621 877 Top.
639 790 688 856 IV
701 792 753 856 23.
774 792 942 878 ‘quoniam
964 814 1042 855 usus
1065 790 1241 855 auctoritas
1263 790 1358 855 fundi
1380 789 1475 856 bien·

324 895 414 963 nium
436 903 506 975 est,
529 895 573 957 sit
594 893 694 959 etiam
716 892 860 959 sedium:
885 901 920 957 at
941 894 975 956 in
997 891 1070 977 lege
1092 893 1190 958 aedes
1214 914 1280 959 non
1302 888 1472 978 appellan-

323 1007 391 1077 tur,
415 1004 448 1059 et
469 1004 546 1059 sunt
568 1003 750 1061 ceterarum
771 1016 881 1060 rerum
908 995 1067 1077 omnium,
1097 1016 1235 1081 quarum
1258 1016 1386 1060 annuus
1416 1006 1469 1063 est

324 1103 427 1163 usus!

877 1200 909 1265 4.
1489 1272 1492 1275 ,

410 1300 514 1367 Gaius
536 1299 616 1366 inst
639 1300 657 1366 1
680 1303 751 1371 111.
796 1302 887 1367 ‘Vsu
914 1302 950 1367 in
976 1323 1109 1367 manum
1130 1303 1364 1388 conueniebat,
1387 1327 1473 1391 quae

326 1425 412 1468 anno
435 1402 587 1470 continuo
609 1412 712 1489 nupta
738 1404 988 1490 perseuerabat;
1017 1426 1101 1489 quac
1129 1404 1215 1469 cnim
1242 1403 1335 1472 uelut
1363 1428 1474 1472 annua

326 1496 534 1593 possessione
555 1526 619 1571 usu
640 1505 847 1593 capiebatur,
870 1506 904 1569 in
925 1504 1083 1571 familiam
1102 1506 1166 1569 uiri
1185 1507 1350 1574 transibat
1370 1508 1480 1573 filiae.

326 1630 390 1691 quo
411 1607 519 1673 locum
540 1607 720 1695 optinebat.
761 1607 879 1694 Itaque
900 1606 973 1693 lege
995 1608 1167 1674 duodecim
1188 1607 1377 1675 tabularum
1398 1632 1473 1675 cau-

327 1720 397 1777 tum
419 1721 499 1788 erat,
522 1710 551 1775 si
572 1732 638 1797 qus
659 1708 760 1775 nollet
781 1730 819 1774 eo
835 1708 933 1775 modo
954 1709 989 1773 in
1004 1732 1137 1775 manum
1158 1710 1269 1776 mariti
1291 1720 1474 1793 conuenire,

328 1822 360 1875 ut
386 1812 548 1890 quotannis
576 1812 728 1878 trinoctio
757 1811 890 1877 abesset
913 1819 1010 1899 atque
1037 1819 1081 1876 ita
1106 1832 1191 1877 mum
1214 1814 1371 1900 cuiusque
1393 1814 1474 1879 anni

329 1912 607 1999 interrumperet.'
1274 1920 1276 1923 ’

880 2014 911 2079 5.

414 2134 446 2183 s1
470 2118 560 2201 [avr]
584 2134 622 2183 ru
641 2132 724 2181 rvaa
745 2102 871 2198 usura
894 2100 1099 2183 coussuvur

395 2379 420 2430 3.
437 2374 536 2429 Cicero
552 2393 580 2443 p.
595 2376 718 2428 Caecina
737 2378 783 2439 19,
803 2376 837 2427 54
854 2376 929 2427 ‘Lex
945 2389 1025 2427 usum
1040 2380 1069 2428 et
1086 2377 1280 2429 auctoritatem
1299 2376 1378 2429 fundi
1396 2380 1476 2432 inbet

330 2476 392 2513 esse
404 2461 559 2513 biennium:
579 2465 609 2513 at
625 2461 727 2512 utimur
739 2460 836 2512 eodem
848 2462 908 2513 iure
921 2460 950 2511 in
963 2460 1088 2522 aedibus,
1103 2477 1175 2528 quae
1193 2464 1221 2513 in
1234 2462 1297 2529 lege
1310 2478 1363 2514 uon
1377 2464 1475 2530 appel·

330 2546 441 2599 lentur)
466 2547 528 2602 Gal.
548 2546 879 2613 luse1142‘(Vsuespi0
899 2544 1004 2609 autem)
1021 2546 1164 2598 mobilium
1178 2546 1286 2611 quidem
1299 2564 1389 2600 rernm
1401 2565 1475 2601 anno

330 2632 498 2698 completur,
522 2632 601 2684 fundi
624 2647 691 2683 uero
716 2637 746 2683 et
768 2632 878 2684 aedium
900 2632 1026 2693 biennio;
1052 2636 1081 2682 et
1103 2632 1144 2681 ita
1162 2630 1225 2697 lege
1243 2633 1298 2684 XII
1316 2634 1475 2687 tabularum

330 2721 442 2769 cautum
453 2720 515 2769 est’
539 2719 580 2769 54.
600 2716 657 2769 ‘lex
673 2718 746 2767 euim
764 2718 818 2769 XII
836 2717 995 2769 tabularum
1013 2716 1065 2777 soli
1083 2716 1194 2780 quidem
1216 2732 1261 2769 res
1278 2718 1391 2771 biennio
1410 2736 1475 2772 usu·

330 2804 395 2869 oapi
411 2803 505 2867 iussit,
524 2807 632 2855 ceteras
650 2817 716 2854 nero
735 2805 830 2853 snno.'
849 2804 887 2856 ei.
905 2804 947 2853 44.
966 2801 1109 2867 Theophil.
1128 2800 1192 2852 Par.
1213 2802 1248 2853 ad
1265 2804 1335 2855 Inst.
1354 2807 1380 2869 2,
1399 2808 1416 2856 6
1433 2822 1474 2872 pr.

330 2887 505 2940 Modestinus
523 2888 587 2953 Dig.
605 2888 648 2952 43,
667 2891 693 2951 3,
711 2890 736 2941 3.
754 2887 817 2953 le.
838 2887 872 2939 ir.
892 2887 957 2938 XIX
975 2890 1001 2940 8.
1018 2886 1140 2939 Isidorus
1162 2886 1208 2938 Or.
1226 2888 1311 2951 115,
1330 2890 1371 2940 30.

397 2975 422 3021 4.
443 2969 550 3023 Gellius
567 2972 600 3023 N.
618 2972 650 3022 Δ.
670 2973 713 3024 ΠΙ
730 2974 759 3035 2,
780 2974 811 3022 12
829 2987 872 3037 sq.
895 2976 924 3023 et
946 2972 1009 3023 inde
1032 2972 1191 3023 Macrobius
1210 2970 1267 3021 eas
1292 2962 1312 3022 1'
1330 2974 1359 3035 3,
1384 2976 1400 3023 9
1424 2974 1474 3037 (ρ.

331 3072 437 3123 qnoque
455 3056 576 3108 Mucium
594 3056 808 3107 iureconsultum
826 3057 919 3107 dicere
937 3056 1048 3107 solitum
1065 3054 1123 3121 legi
1136 3052 1211 3121 (lege
1224 3054 1322 3120 Mser.)
1340 3072 1395 3107 non
1414 3074 1476 3111 esse

330 3144 491 3207 usurpatam
514 3139 599 3208 (ilegi
622 3141 686 3207 legs
709 3156 764 3192 non
786 3144 842 3192 isse
866 3144 1041 3207 usurpatum’
1060 3156 1095 3192 ex
1113 3140 1242 3192 Macrobii
1259 3141 1476 3209 Parisino'llepr'o

331 3228 480 3285 Pontenssr
496 3226 531 3290 of.
545 3226 641 3277 Erbius
657 3227 684 3276 in
701 3224 818 3292 Hrcponir
835 3227 1014 3291 Prompmario
1031 3228 1080 3277 ior.
1099 3228 1146 3277 rio.
1166 3226 1192 3275 V
1206 3228 1259 3276 113
1276 3225 1315 3289 a.)
1333 3227 1476 3279 mulierem

331 3326 483 3379 quaecum
505 3310 640 3362 Kalendis
664 3311 803 3362 Ianuariis
827 3311 901 3377 apud
918 3312 1006 3363 uirum
1028 3310 1196 3362 matrimonii
1219 3317 1303 3361 causa
1327 3323 1388 3363 esse
1412 3328 1475 3363 coe-

331 3399 421 3465 pisset
439 3402 504 3448 ente
527 3395 600 3448 diem
621 3398 680 3449 1111
696 3396 842 3449 Kalendas
866 3396 1013 3447 Ianuarias
1035 3398 1184 3459 sequentes
1209 3400 1369 3461 usurpstnm
1393 3397 1475 3449 isset:

331 3500 387 3536 non
409 3483 482 3533 enim
500 3477 581 3549 posse
599 3482 709 3549 impleri
726 3483 883 3534 trinoctium
902 3482 973 3549 quod
991 3481 1089 3533 abesse
1108 3496 1125 3531 a
1142 3481 1202 3532 niro
1220 3480 1372 3547 usurpandi
1390 3496 1477 3533 censa

333 3585 367 3621 ex
393 3568 538 3620 duodecim
560 3566 666 3619 tabulis
689 3567 816 3629 deberet,
845 3570 974 3633 quoniam
999 3566 1099 3618 tertiae
1124 3567 1216 3617 noctis
1237 3567 1406 3631 posteriores
1427 3582 1477 3618 sex

332 3654 418 3705 horae
436 3652 552 3704 alterius
571 3652 636 3703 anni
655 3654 762 3717 essent,
781 3654 830 3717 qui
846 3652 984 3718 inciperet
1001 3668 1034 3702 ex
1052 3648 1208 3703 Kalendis.'

400 3738 425 3788 5.
447 3735 520 3791 Geli.
538 3736 571 3790 li.
589 3737 622 3787 A.
645 3738 697 3787 XX
716 3740 763 3803 10,
787 3740 801 3788 7
820 3753 861 3803 sq.
880 3738 967 3789 ‘Nam
989 3736 1022 3787 de
1046 3750 1100 3801 qus
1122 3752 1151 3787 re
1176 3736 1349 3803 disceptatur
1370 3738 1399 3787 in
1417 3738 1477 3790 iure

335 3822 374 3886 (in
393 3818 434 3887 re)
450 3822 606 3889 praesenti,
624 3824 685 3872 siue
703 3836 771 3887 ager
788 3824 848 3872 siue
875 3820 940 3887 quid
959 3820 1035 3874 aliud
1059 3824 1113 3881 est,
1134 3836 1195 3873 cnm
1213 3822 1375 3874 aduersario
1393 3822 1478 3874 simul

333 3922 415 3959 menn
431 3906 564 3972 prendere
582 3908 657 3957 etin
675 3922 709 3957 es
730 3922 760 3957 re
778 3906 957 3957 sollemnibus
975 3906 1069 3957 uerbis
1086 3905 1246 3970 uindicare,
1270 3906 1299 3958 id
1317 3910 1359 3959 est
1376 3906 1477 3958 ‘uindi-

335 3995 398 4045 cta’
423 3991 568 4059 Correptio
585 4008 682 4043 manns
694 3993 724 4043 in
740 4008 771 4042 re
789 3996 873 4058 atque
892 3992 920 4043 in
938 3992 999 4044 loco
1018 3990 1160 4057 praesenti
1179 3991 1251 4059 apud
1267 3996 1424 4058 praetorem
1443 4008 1478 4043 ex

334 4078 480 4131 duodecim
497 4076 601 4128 tabulis
619 4075 713 4136 fiebat,
731 4078 760 4127 in
778 4077 877 4142 quibus
895 4078 937 4127 ita
949 4077 1079 4143 seriptum
1093 4081 1149 4129 est:
1169 4078 1213 4129 ‘si
1226 4113 1232 4129 .
1247 4114 1254 4129 .
1268 4081 1286 4129 .'
1314 4078 1350 4129 of.
1363 4078 1475 4145 Fragm.

334 4166 398 4216 Vat.
417 4164 478 4225 §bo
497 4163 543 4215 cit.
564 4161 599 4212 sd
618 4164 641 4214 1.
661 4160 779 4226 Scaliper
794 4164 831 4212 ad
845 4163 914 4214 Fert.
933 4180 955 4215 o.
972 4168 1133 4227 superstites.

414 4405 443 4463 5.
471 4407 517 4480 qui
544 4406 641 4462 Paris.
663 4408 745 4462 8666
764 4404 874 4478 lupari.
898 4404 1001 4473 (Gall.)
1024 4398 1074 4481 95]
1112 4406 1155 4461 cul
1184 4404 1319 4462 German.
1341 4404 1475 4478 Msolisb.
1533 4444 1538 4455 -

330 4492 391 4547 cod.
408 4490 554 4547 Sozomcm'
572 4494 600 4545 r'rr
614 4491 677 4546 bibl.
694 4488 765 4546 Por.
781 4492 810 4545 la
833 4488 905 4546 rau.
923 4494 977 4545 110
991 4488 1100 4561 Lupud.
1112 4506 1163 4561 pr.
1181 4490 1325 4558 (meliores
1348 4490 1416 4547 libri
1428 4490 1476 4547 de·

328 4576 429 4646 ficiunt
443 4576 502 4637 r'aS
519 4579 536 4631 6
550 4581 625 4630 extr.
626 4577 643 4640 )
660 4575 807 4631 cancellos
822 4574 929 4631 addidi.
