3409 5409
372 524 420 575 nn
443 526 493 575 ιιι
516 524 730 575 rlsvnnnvn
753 524 930 588 nsrrrovns
953 524 1197 578 commannis.
1319 510 1361 578 61

207 680 272 749 Ex
296 683 416 769 quibus
442 680 618 767 diligenter
643 683 729 747 inter
755 702 790 747 se
812 682 1011 769 comparatis
1030 682 1254 749 Mommsenus
1280 682 1362 749 haec

208 784 340 852 effecit:
359 790 452 851 ‘Viae
466 798 535 849 sunt
548 797 578 849 et
596 790 734 865 publicae
743 806 804 865 per
819 805 896 864 quas
910 792 955 850 r're
970 792 1091 864 (opera)
1106 790 1240 851 omnibus
1252 792 1322 851 licet
1334 797 1364 850 et

201 893 355 970 privatae
369 892 474 967 quibus
488 894 634 952 neminem
648 894 694 952 uti
707 892 770 965 (ius
789 896 845 967 est)
864 898 989 967 praeter
1007 908 1133 966 quorum
1152 900 1230 952 sunt.
1261 892 1301 952 Et
1319 894 1361 953 ita

207 997 354 1073 privatae
382 994 465 1054 VIII
476 994 572 1071 pedes
593 996 625 1053 r'n
645 994 804 1055 latitudine
825 993 967 1069 (babent)
988 996 1056 1055 iure
1079 1000 1109 1054 el
1124 996 1205 1071 leae,
1219 994 1362 1071 publicae

210 1107 361 1172 quantum
381 1098 461 1157 ratio
482 1093 616 1156 utilitatis
630 1098 784 1173 permittit.
824 1096 1018 1172 (Praeterea)
1040 1099 1092 1156 Iex
1112 1096 1192 1156 iubet
1210 1096 1296 1158 XVI
1314 1099 1361 1169 (in

211 1199 370 1274 amfracto
395 1201 554 1275 flensque
581 1198 675 1274 pedes
703 1200 811 1273 (latas)
839 1216 903 1259 csse
937 1201 1002 1259 cius
1032 1205 1066 1258 ut
1095 1200 1257 1275 (adimat).-
1290 1201 1362 1261 Vr'us

211 1304 386 1363 muniunto:
403 1304 437 1361 ιιι·
449 1317 513 1361 som
529 1302 748 1377 delapidussr'nt
755 1349 762 1375 ‚
778 1317 838 1377 qua
853 1304 928 1361 volet
941 1285 1069 1361 iumento
1082 1302 1186 1375 coito!

302 1402 343 1467 In
357 1400 408 1465 his
431 1408 540 1465 autem
559 1398 725 1486 plerisque
745 1422 821 1465 cunr
840 1399 973 1484 egregio
992 1399 1055 1464 viri
1076 1399 1226 1464 acumine
1245 1422 1361 1465 verum
1397 1413 1422 1447 ‘

213 1504 410 1589 indagatum
427 1523 499 1567 esse
512 1501 603 1567 haud
617 1500 716 1567 facile
732 1502 907 1589 quisquam
925 1499 1125 1565 infitiaturos
1147 1506 1190 1567 sit
1213 1540 1248 1551 -
1271 1504 1361 1588 quod

212 1616 349 1694 praeter
369 1613 516 1670 extrema
536 1604 639 1697 verba
659 1604 814 1669 restituta
832 1603 868 1666 in
887 1604 1000 1689 primis
1020 1602 1110 1668 valet
1129 1602 1163 1666 in
1183 1604 1249 1669 ista
1263 1608 1365 1669 ‘XVI

213 1717 247 1772 ιἰι
274 1712 426 1786 amfracto
456 1712 615 1785 flexuque'
640 1730 697 1770 -ε
734 1714 805 1771 tum
836 1706 871 1769 in
900 1704 1098 1791 quibusdam
1123 1704 1204 1770 mihi
1233 1708 1276 1772 ab
1305 1706 1361 1771 illo

216 1810 479 1876 dissentiendum
495 1820 555 1874 est.
585 1809 718 1875 Etenim
737 1820 775 1875 ut
789 1807 851 1875 hoc
867 1807 1006 1895 denique
1026 1809 1213 1874 testimonio
1233 1820 1362 1895 reperto

214 1902 314 2001 piane
336 1913 496 1980 evertitur
516 1910 661 1978 Puchtae
688 1910 798 1998 opinio
825 1908 896 1975 XII
922 1908 1109 1975 tabularum
1130 1911 1171 1976 de
1193 1912 1268 1977 viae
1289 1911 1362 1978 lati-

217 2016 330 2081 tudine
354 2015 530 2101 praecepta
552 2013 635 2105 (vll
655 2012 690 2098 6)
704 2012 760 2078 ad
784 2011 874 2077 viam
895 2010 1100 2097 publicam
1127 2014 1290 2101 pertinere
1313 2015 1362 2101 (in

217 2118 303 2184 libro
326 2116 486 2183 ‘Civilist
503 2113 787 2200 Abhandlungen’
805 2113 887 2179 1823
908 2137 941 2201 p.
958 2114 1000 2180 98
1020 2113 1062 2179 cf.
1079 2114 1160 2181 Inet.
1177 2116 1213 2181 11
1232 2116 1359 2200 §253):

216 2222 266 2287 ita
279 2218 397 2285 ultima
417 2240 497 2283 sane
518 2216 559 2283 de
579 2218 698 2307 quibus
720 2217 849 2302 agimus
870 2216 974 2282 verba
993 2239 1059 2281 non
1078 2228 1217 2304 possunt
1235 2219 1301 2283 nisi
1321 2220 1362 2284 de

216 2320 401 2410 publicis
422 2320 487 2387 viis
508 2318 665 2405 intellegi.
695 2318 794 2401 Quod
820 2318 916 2385 docet
942 2320 1041 2385 etiam
1067 2319 1150 2385 Cato
1176 2318 1218 2384 de
1242 2342 1270 2387 r.
1292 2342 1318 2385 r.
1340 2322 1362 2385 2

219 2432 309 2489 ‘vium
320 2429 473 2505 publr'ccm
488 2428 610 2487 muner?
626 2424 713 2487 inter
727 2419 835 2488 coloni
850 2421 961 2487 officie
971 2422 1117 2487 referens
1130 2420 1361 2510 (cf.Bergkius

218 2528 240 2593 l.
255 2527 304 2609 1.).
333 2526 408 2592 Hoc
423 2534 532 2590 autem
549 2524 670 2589 diserte
684 2520 763 2589 addi
778 2546 913 2590 necesse
928 2531 978 2589 est
993 2524 1033 2597 in
1048 2546 1087 2589 eo
1109 2521 1181 2589 loco
1196 2526 1252 2610 qni
1272 2532 1360 2589 totus
1389 2584 1393 2592 .

83 2688 98 2697 .
218 2636 369 2697 versetur
388 2628 423 2692 in
449 2627 640 2693 discrimine
667 2626 741 2693 viae
767 2625 919 2715 publicae
944 2636 977 2691 et
1000 2627 1151 2713 privatae
1176 2626 1361 2691 statuendo.

219 2734 335 2819 ltaque
352 2730 484 2797 diversa
498 2726 871 2795 confunditMommseni
885 2729 987 2794 ratio:
1004 2728 1060 2816 qui
1075 2751 1173 2816 quem
1187 2728 1360 2795 transitum

219 2834 360 2903 instituit
376 2842 424 2897 ‘ut
439 2837 580 2915 adicict',
596 2830 626 2897 is
641 2854 746 2919 neque
761 2834 803 2899 ab
824 2832 896 2919 ipso
917 2832 1099 2898 sententiae
1119 2854 1207 2898 nexu
1221 2854 1327 2919 neque
1342 2854 1362 2896 a

220 2936 368 3002 codicum
383 2934 544 3021 scriptura
559 2939 604 2998 ‘ut
617 2939 679 3015 qui'
695 2935 776 2999 satis
791 2934 1049 3001 commendatur.
1080 2933 1151 2998 Nec
1164 2934 1269 3018 magis
1285 2944 1361 3020 apte

220 3041 252 3103 in
266 3038 429 3127 prioribus
446 3044 485 3103 ‘et
499 3044 540 3101 tta
552 3044 703 3118 privotce’
719 3037 833 3104 statim
854 3036 1001 3121 iungitur
1019 3037 1150 3104 viarum
1164 3034 1359 3101 definitioni:

221 3164 292 3207 curn
308 3150 356 3206 ‘et
368 3145 443 3205 hae'
466 3140 554 3227 quod
569 3138 646 3206 Vct.
668 3150 702 3206 et
715 3139 810 3206 Leid.
832 3149 995 3207 testantur
1015 3139 1137 3204 iniuria
1157 3137 1360 3225 neglegatur.

220 3242 334 3309 Eidem
360 3252 471 3308 autem
496 3242 572 3309 libri
598 3238 686 3328 quod
710 3241 744 3305 in
768 3234 936 3331 principio,
953 3241 1112 3309 exhibent
1131 3248 1216 3306 ‘viae
1234 3254 1303 3305 sunt
1326 3253 1363 3305 et

220 3350 396 3425 publicae
416 3357 450 3409 et
464 3351 660 3424 privatae,
678 3349 835 3425 prcblicae'
853 3394 861 3408 .
879 3393 912 3411 ..
934 3368 1000 3410 non
1019 3344 1084 3408 fuit
1104 3343 1358 3429 repudiandum:

221 3470 294 3513 nam
317 3446 399 3511 satis
414 3446 583 3510 Ursiniani
604 3468 678 3511 cum
697 3446 763 3511 illis
783 3446 986 3531 conspiratio
1008 3446 1103 3511 docet
1117 3452 1179 3509 ‘et'
1199 3445 1235 3508 in
1248 3445 1360 3511 Victo·

222 3550 312 3614 riano
329 3547 419 3635 (post
433 3548 548 3635 Ἦσαν)
565 3550 786 3631 coniecturae,
807 3548 950 3613 fortasse
965 3546 1120 3612 Politiani
1139 3546 1270 3629 deberi,
1285 3568 1360 3611 cum

222 3674 241 3719 a
254 3652 361 3740 priore
376 3655 538 3731 ‘publicae'
555 3650 599 3716 ad
614 3648 752 3719 alterum
767 3650 922 3719 librarius
938 3649 1153 3716 aberraverit.
1170 3649 1311 3716 Omnino
1325 3649 1361 3711 in

222 3755 269 3820 his
289 3776 355 3821 non
377 3764 445 3820 tam
465 3752 664 3839 glossemata
685 3778 783 3843 quam
803 3755 941 3819 lacunae
966 3752 1227 3843 conspiciuntur:
1257 3762 1294 3816 ut
1319 3774 1360 3816 ne

222 3863 342 3924 ‘eorum'
365 3854 496 3943 quidem
521 3856 741 3923 inducendum
767 3857 971 3943 putaverim,
998 3853 1135 3921 sedvel
1161 3860 1359 3919 ‘auctoritate’

222 3984 291 4027 cum
305 3959 449 4044 Bergkio
470 3959 524 4025 vel
541 3998 576 4007 -
595 3960 715 4027 rectius
738 3961 911 4046 opinor-
925 3964 1076 4023 ‘nomiae’
1097 3979 1173 4023 cum
1187 3953 1360 4022 Huscbkio

223 4060 446 4150 supplendum.
475 4062 627 4149 Denique
648 4062 729 4149 logis
749 4063 823 4150 ipsa
842 4062 947 4129 verba
966 4083 1040 4127 cum
1058 4058 1228 4148 praeclare
1241 4056 1288 4123 Μ.
1310 4079 1359 4122 re-

224 4166 363 4234 stituerit
378 4170 424 4229 ‘ni
436 4184 512 4229 sam
522 4164 546 4249 ¹)
563 4170 817 4247 delapidussim':
837 4187 953 4252 parum
974 4174 1084 4229 tamen
1099 4161 1252 4247 congruit
1271 4162 1358 4247 quod

224 4322 420 4337 b--n—-nfi

286 4428 306 4494 ¹)
329 4426 412 4480 Hanc
434 4427 605 4493 pronominis
629 4427 745 4479 formum
762 4426 852 4478 Ennio
874 4426 1008 4477 usitatam
1034 4440 1088 4475 nou
1111 4427 1155 4475 est
1173 4420 1244 4489 quod
1262 4429 1359 4476 verea-

212 4528 277 4591 ‘mnr
294 4515 351 4580 legi
368 4516 502 4569 tribuere:
522 4514 751 4579 quemadmodum
774 4514 802 4563 in
821 4512 1014 4562 Olceronianis
1036 4525 1144 4575 quoque
1167 4508 1276 4574 legibus
1299 4512 1360 4560 ‘rir-

225 4604 281 4668 que’
300 4616 348 4667 pro
367 4603 477 4669 ‘iisque’
495 4600 571 4664 118,
590 4602 622 4651 21
641 4600 765 4653 servavit
782 4596 930 4649 Leidensis
947 4596 974 4647 Η
993 4598 1033 4660 (in
1051 4596 1074 4647 A
1091 4610 1190 4646 rasura
1212 4593 1267 4660 cst)
1285 4594 1357 4646 male
