3409 5409
368 513 389 577 2
801 525 914 575 cnrvr
936 525 1085 573 raruvn.

370 684 459 767 lege,
475 704 540 747 uon
555 680 710 746 restituta
731 680 876 765 cogitare
896 680 1057 746 iubemur.
1084 676 1156 743 Nec
1176 679 1281 765 magis
1303 676 1523 745 verisimilem

368 783 479 849 reddit
493 784 591 850 istam
607 783 793 870 opinionem
809 791 879 847 tota
893 782 1153 868 fragmentorum
1173 783 1386 869 superstitum
1407 780 1521 848 condi-

369 886 436 951 cio:
463 908 559 972 quam
580 908 649 950 rem
674 907 752 950 mox
777 883 927 971 pluribus
954 906 1111 971 exequar.
1146 882 1289 950 Omnino
1313 906 1355 948 ne
1375 883 1522 969 egebant

369 986 504 1075 quidem
518 986 678 1053 eiusmodi
692 987 901 1053 restitutione
915 986 1070 1069 Romani,
1094 1008 1231 1073 quorum
1246 986 1392 1054 omnium
1412 986 1447 1050 in
1462 1008 1521 1051 ore

369 1112 409 1155 ae
423 1090 588 1155 mentibus
604 1082 742 1155 rudibus
758 1088 866 1155 adhuc
881 1097 914 1153 et
927 1087 1060 1153 incultis
1075 1091 1207 1175 penitus
1222 1088 1327 1155 infixa
1341 1100 1414 1154 erat
1434 1085 1521 1173 legia

370 1192 544 1259 memoria:
561 1214 627 1279 qua
642 1190 773 1279 quidem
788 1190 860 1277 lege
876 1201 909 1257 et
923 1192 1020 1278 aequi
1040 1190 1121 1255 iuris
1140 1192 1227 1257 inter
1242 1190 1333 1257 cives
1348 1201 1522 1278 tamquam

370 1292 551 1381 palladium
567 1304 725 1359 statutum
741 1302 774 1359 et
792 1293 923 1379 insigne
943 1291 1074 1377 linguae
1095 1292 1255 1380 scriptum
1274 1303 1522 1358 monumentum

371 1396 495 1462 editum
515 1418 588 1461 esse
607 1394 837 1481 gloriarentur.
869 1394 952 1459 Inde
972 1395 1074 1480 igitur
1093 1393 1244 1460 effectum
1265 1405 1332 1479 est,
1353 1405 1391 1459 ut
1410 1394 1522 1479 legem

370 1499 454 1565 bene
468 1520 565 1565 nosse
580 1499 666 1563 inter
685 1496 843 1585 primaria
863 1497 946 1564 civis
962 1496 1103 1563 Romani
1122 1496 1234 1563 officia
1254 1496 1389 1584 publica
1409 1518 1522 1563 oense·
1604 1488 1608 1493 ’

371 1611 465 1667 retur
480 1610 578 1689 atque
592 1600 640 1667 ita
653 1638 697 1649 -
711 1622 795 1689 quae
810 1610 884 1667 erat
897 1598 1011 1689 populi
1027 1598 1222 1687 simplicitas
1239 1609 1273 1665 et
1287 1600 1414 1686 antiqui
1427 1599 1522 1665 inati-

370 1704 434 1769 tuti
457 1712 670 1770 conservator
691 1704 818 1768 animus
840 1740 882 1749 —
902 1725 962 1789 per
981 1701 1046 1767 tria
1069 1701 1139 1767 sere
1159 1700 1293 1768 saecula
1318 1710 1352 1767 et
1378 1702 1522 1769 forensis

370 1827 448 1871 usus
465 1815 498 1871 ct
512 1805 727 1870 institutionis
743 1804 942 1871 domesticae
962 1804 1024 1871 hoe
1044 1828 1108 1871 nou
1130 1804 1235 1870 solum
1255 1803 1522 1887 fundamentum,

372 1906 431 1973 sed
451 1908 560 1995 ipsum
580 1918 810 1993 argumentum
831 1917 1049 1995 permaneret.
1091 1907 1178 1972 Nam
1198 1906 1359 1995 quidquid
1378 1928 1438 1993 per
1457 1904 1524 1972 hoc

371 2010 527 2097 temporis
549 2010 692 2096 spatium
712 2009 901 2095 vigentibus
921 2010 1003 2074 iuris
1024 2008 1142 2075 studiis
1165 2008 1320 2075 collatum
1340 2018 1391 2074 est
1410 2008 1454 2074 ad
1468 2009 1523 2072 ius

372 2110 469 2179 civile
483 2110 730 2199 provehendum
745 2122 778 2177 et
793 2110 1026 2194 excolendum,
1046 2111 1081 2177 id
1103 2134 1198 2180 omne
1221 2120 1279 2176 aut
1300 2110 1335 2175 in
1357 2111 1524 2177 actione

371 2212 453 2300 legis
475 2223 534 2279 aut
553 2214 588 2277 in
607 2212 953 2300 interpretatione
975 2216 1160 2301 ponebatur
1171 2214 1215 2299 ¹):
1238 2214 1353 2301 quain
1368 2234 1404 2278 re
1419 2235 1524 2302 quan-

358 2326 426 2381 ·tae
441 2315 592 2401 religioni
607 2314 708 2381 fuerit
728 2315 763 2379 in
776 2315 859 2401 ipsis
881 2314 964 2400 legis
979 2316 1107 2398 verbis,
1128 2314 1182 2382 vel
1201 2315 1260 2380 ubi
1283 2315 1434 2381 sufficere
1454 2337 1525 2379 non

274 2490 282 2503 ,
371 2416 580 2502 viderentur,
601 2418 798 2504 persistere,
821 2419 950 2505 insigne
976 2417 1164 2507 exemplum
1184 2418 1268 2486 Gaio
1290 2414 1429 2505 aliisque
1455 2438 1524 2481 me-

372 2530 534 2604 moratur,
551 2520 637 2608 quod
653 2523 730 2587 ‘eum
746 2528 798 2601 qur·
811 2526 849 2586 de
863 2526 969 2587 vitibus
982 2527 1104 2587 uanus
1118 2528 1161 2586 uu
1175 2526 1295 2601 causet,
1310 2532 1343 2585 ut
1357 2528 1388 2585 in
1403 2527 1524 2585 actione

373 2630 444 2689 uites
458 2628 638 2697 nominaret,
653 2644 827 2703 responsum
842 2636 886 2688 est
898 2645 962 2689 rem
971 2628 1158 2706 perdidisse,
1182 2629 1254 2703 quia
1269 2627 1414 2688 &tuimet
1428 2626 1525 2686 orbo-

372 2718 422 2790 res
436 2732 592 2789 nominare
604 2745 639 2789 eo
653 2732 734 2805 quod
746 2733 798 2791 lex
811 2730 884 2790 XII
895 2731 1079 2798 tubulumm,
1100 2746 1140 2790 ex
1154 2746 1215 2805 quu
1230 2730 1268 2790 de
1282 2730 1386 2790 ritimis
1400 2731 1525 2789 succis&

373 2834 450 2893 netto
463 2837 648 2907 competeret,
661 2832 845 2906 amolitur
859 2832 897 2892 de
908 2832 1065 2893 arboribus
1074 2834 1197 2893 succisis
1205 2834 1387 2907 loqueretur
1401 2825 1524 2913 (Gaius

373 2926 456 2995 Inst.
473 2928 524 2995 lV
547 2930 596 2994 11.
617 2929 696 3015 Dig.
712 2930 765 3013 47,
782 2930 812 3011 7,
836 2930 852 2994 1
870 2950 941 3018 sqq.
962 2929 1005 2994 cf.
1028 2928 1155 2995 Plinius
1170 2929 1212 2995 N.
1229 2929 1272 2995 H.
1290 2928 1377 2994 XIV
1393 2932 1422 3012 1,
1439 2928 1523 3014 9),²)

373 3031 490 3119 Itaque
506 3030 604 3097 etiam
620 3031 655 3096 in
670 3032 778 3119 primo
793 3031 874 3097 iuris
890 3032 995 3098 civilis
1012 3032 1125 3097 codice
1140 3055 1204 3120 quo
1221 3034 1327 3097 omnis
1344 3054 1427 3119 quae
1443 3040 1525 3096 tunc

371 3133 559 3221 comparuit
573 3133 653 3198 iuris
669 3135 808 3199 materia
822 3134 916 3220 quasi
930 3134 1046 3201 horreo
1062 3132 1299 3220 comprehensa
1314 3143 1374 3215 est,
1386 3134 1420 3197 in
1435 3131 1523 3198 libro

373 3233 445 3301 dieo
461 3235 536 3301 Sex.
549 3234 637 3300 Aelii
650 3235 725 3301 Cati
741 3238 822 3319 (coa.
838 3258 868 3301 a.
885 3235 1007 3325 IOLV)
1024 3237 1079 3323 qui
1095 3235 1301 3322 ‘Tripertita’
1317 3234 1523 3317 inscribitur,

373 3334 428 3401 lex
443 3336 515 3401 XII
529 3338 714 3425 perscripta
728 3336 948 3404 exhibebatur
968 3337 1123 3403 adiuncta
1142 3347 1176 3403 et
1195 3336 1467 3424 interpretatione
1488 3344 1525 3401 et

373 3437 456 3524 legia
472 3440 644 3527 sotionel)
660 3477 703 3489 —-
718 3438 812 3521 Quae
832 3448 943 3505 tamen
958 3441 1137 3506 auotoritas
1152 3448 1189 3503 ut
1208 3438 1440 3525 impedimento
1455 3458 1523 3503 non

261 3528 265 3541 ¹
374 3538 451 3622 fuit,
468 3542 640 3627 quominus
656 3540 818 3628 quaedam
832 3564 875 3607 ex
890 3541 972 3627 legia
986 3541 1172 3629 praeceptis
1186 3540 1253 3605 ium
1268 3539 1327 3605 illa
1341 3548 1450 3606 aetate
1464 3538 1523 3606 ab·

372 3655 622 3727 rogarentur-
642 3644 727 3709 sicut
747 3642 940 3731 plebeiscito
962 3643 1118 3710 Canuleio
1140 3643 1314 3710 conubium
1336 3642 1426 3730 plebi
1446 3664 1522 3708 cum

373 3744 523 3831 patribus
539 3744 654 3811 datum
669 3755 737 3827 est,
753 3746 842 3833 quod
856 3769 898 3811 ne
912 3750 1001 3811 esset
1014 3746 1070 3812 lex
1084 3756 1257 3830 sanxerat,
1279 3755 1337 3810 aut
1352 3744 1523 3832 aliquanto

374 3854 451 3933 post
464 3844 536 3931 lege
551 3846 686 3934 Aquilia
700 3848 811 3915 omnia
825 3849 945 3936 quibus
960 3850 995 3914 iu
1009 3848 1081 3913 XII
1101 3848 1143 3913 de
1158 3848 1278 3913 damno
1292 3846 1431 3914 iniuriae
1446 3868 1522 3913 cau·

376 4084 410 4121 ue
428 4074 526 4136 postea
545 4070 666 4137 demum,
685 4087 746 4125 cum
763 4072 820 4125 iam
837 4088 889 4141 per
905 4072 956 4127 On.
974 4070 1103 4126 Flavium
1124 4072 1228 4151 publici
1245 4072 1313 4125 iuria
1330 4072 1401 4124 faeti
1418 4076 1521 4137 essent,

376 4154 493 4206 additos.

445 4228 520 4303 'tot
539 4240 705 4310 Pomponius
722 4244 787 4311 Dig.
807 4247 832 4309 1,
851 4247 877 4310 2,
895 4246 911 4296 2
929 4243 945 4307 ξ
963 4247 987 4297 5.
1006 4246 1031 4297 6.

443 4324 464 4389 ²)
484 4326 726 4393 Interpretatiouis
744 4329 874 4397 exemplu
892 4330 929 4383 cl.
947 4329 1034 4381 Gaius
1051 4330 1066 4380 I
1086 4330 1141 4381 166.
1162 4328 1229 4380 lust.
1243 4326 1264 4383 l.
1280 4332 1303 4391 1,
1324 4328 1365 4383 17.
1383 4326 1522 4395 Ulpianus

375 4411 410 4465 D.
428 4411 474 4475 26,
493 4413 522 4475 4,
542 4415 558 4463 3
575 4428 617 4479 pr.
637 4417 659 4467 1.
688 4413 792 4466 Paulus
815 4416 845 4465 in
863 4414 1020 4466 collatione
1043 4414 1099 4480 leg.
1122 4415 1191 4465 Mos.
1215 4420 1244 4464 et
1267 4414 1343 4465 Rom.
1363 4416 1426 4465 XVI
1445 4419 1473 4478 3,
1495 4420 1520 4468 3.

375 4495 409 4547 D.
428 4498 470 4558 5⁰,
491 4498 530 4561 16,
549 4500 591 4549 62.
610 4502 660 4551 233
678 4500 693 4561 ξ
711 4502 735 4551 2.
760 4502 801 4559 4⁷.
820 4503 845 4565 3,
867 4500 923 4562 1,1
943 4499 979 4550 al.
1067 4501 1072 4510 “

443 4578 465 4645 ⁸)
484 4583 520 4633 cs.
540 4582 705 4651 Pomponius
724 4586 757 4635 I).
779 4587 803 4648 1,
821 4587 846 4649 2,
865 4588 881 4634 2
899 4587 915 4647 ξ
932 4586 979 4649 38,
999 4601 1053 4650 quo
1071 4584 1106 4635 do
1124 4585 1199 4635 infra
1217 4584 1297 4650 plura
1315 4586 1397 4640 dabo.
