3409 5409
348 452 409 516 104
766 468 879 515 carvr
903 468 1079 530 ovasrvu.

347 628 605 713 ‘usum-rapcre'
622 633 827 711 -praestat
849 623 966 711 opinor
981 629 1245 712 ‘usum-rupere’
1267 625 1329 690 etsi
1350 625 1394 691 ad
1409 624 1511 690 idem
1630 674 1631 701 .

347 736 447 814 caput
465 726 552 793 redit
566 763 608 775 —
622 725 709 792 unde
730 726 857 793 factum
870 726 1097 813 ‘usu-ripere?
1133 726 1205 793 lam
1225 749 1359 814 prorsus
1382 727 1511 793 eodem
1630 740 1631 771 ¹

347 828 444 895 modo
465 851 577 895 usum
602 851 746 917 capere
768 828 796 893 is
819 828 1007 911 dicebatur,
1031 830 1084 894 eui
1106 850 1185 895 usus
1206 852 1227 895 a
1245 828 1374 895 nemine
1395 830 1509 895 inter·

347 942 464 1020 ruptus
486 932 634 1018 legitimo
655 942 801 1018 tempore
823 930 1028 1017 explebatur.
1067 929 1121 995 Ex
1145 938 1236 997 ‘usus
1253 932 1361 1019 capio'
1384 940 1508 998 autem
1630 994 1631 999 ,

347 1033 520 1104 coniuncte
546 1034 669 1123 scripto
699 1034 881 1121 ‘usucapio'
910 1032 1056 1098 effictum
1085 1042 1137 1100 est
1160 1032 1250 1099 haud
1275 1054 1368 1099 secus
1399 1042 1509 1121 atque

348 1141 530 1217 ‘campio'
552 1135 641 1223 apud
660 1134 816 1201 Plautum
837 1134 923 1203 Rud.
939 1135 1045 1217 1114,
1060 1135 1095 1199 4:
1122 1134 1210 1201 unde
1235 1137 1396 1222 posterior
1419 1158 1507 1222 pru-

348 1238 495 1304 dentium
514 1237 663 1304 doctrina
681 1240 790 1325 priore
810 1236 1051 1323 significatione
1071 1235 1261 1304 oblitterata
1280 1245 1354 1304 ‘usu
1374 1240 1506 1324 capio’‚

349 1350 425 1406 ‘usu
440 1346 570 1429 capere'
590 1340 748 1423 diiunxit,
769 1344 855 1404 ‘usu’
878 1362 920 1405 ex
945 1338 1183 1407 consuetudine
1202 1340 1326 1405 forensi
1346 1340 1381 1405 in
1406 1340 1505 1407 inve·

346 1452 474 1509 teratae
489 1443 706 1530 possessionis
723 1450 852 1529 partem
868 1450 1014 1529 accepto.
1051 1441 1204 1509 Ceterum
1219 1440 1330 1529 aliqua
1344 1464 1387 1507 ex
1401 1453 1505 1529 parte

346 1544 425 1613 licet
438 1546 475 1611 in
488 1546 764 1632 comparationem
780 1565 899 1610 vocare
914 1553 1059 1609 veterem
1073 1544 1271 1611 locutionem
1286 1551 1376 1610 ‘usus
1392 1544 1502 1611 venit'

348 1648 438 1735 apud
452 1648 595 1715 comicos
616 1649 749 1714 obviam
764 1646 823 1734 (cf.
838 1645 949 1712 Plaut.
963 1645 1034 1711 Mil.
1052 1646 1067 1710 I
1086 1649 1115 1729 1,
1130 1646 1162 1712 5.
1185 1646 1260 1713 Ter.
1276 1646 1381 1712 Heau.
1398 1645 1501 1729 1112,

346 1750 401 1816 42.
415 1750 490 1835 46),
506 1789 539 1797 -
562 1772 622 1837 pro
637 1772 703 1837 qua
718 1748 887 1815 Ciceronis
902 1756 1011 1815 aetate
1026 1756 1215 1815 constanter
1231 1753 1310 1813 ‘usu
1324 1748 1433 1815 venit'
1451 1746 1501 1814 di·

346 1851 493 1919 cebatur.

434 1953 536 2019 Porro
555 1990 590 2000 -
607 1963 645 2019 ut
659 1952 792 2018 redeam
811 1954 898 2018 unde
919 1952 1055 2018 deflexit
1075 1952 1255 2041 disputatio
1270 1975 1348 2019 -a
1368 1963 1500 2021 senten-

348 2056 471 2122 tiarum
489 2077 587 2142 quem
613 2054 685 2120 dixi
704 2076 792 2120 nexu
812 2055 878 2141 legi
899 2054 969 2120 XII
990 2056 1123 2143 proprio
1144 2053 1349 2143 aliquantum
1372 2055 1501 2123 recedit

348 2158 437 2244 legis·
461 2158 502 2223 de
530 2158 645 2243 tigno
680 2156 815 2224 iuncto
847 2156 913 2243 (VI
940 2156 1038 2245 7-9)
1067 2157 1231 2224 restitutio
1262 2158 1425 2245 sagaciter
1454 2158 1498 2224 ab

349 2259 524 2328 Huschkio
541 2270 696 2348 suscepta
710 2258 766 2325 ‘ad
780 2258 887 2345 legem
898 2258 969 2325 XII
978 2258 1068 2326 tabb.
1078 2258 1119 2325 de
1130 2259 1222 2347 tigno
1238 2260 1349 2328 iuncto
1365 2269 1497 2329 comm’

349 2385 383 2450 p.
398 2362 441 2428 29
463 2365 606 2442 ‘Piparam
625 2369 756 2429 iunctum
779 2366 903 2427 aedibus
922 2366 1046 2427 vineave
1065 2368 1120 2427 sei
1138 2368 1306 2443 concapit,
1327 2384 1366 2429 aa
1383 2368 1497 2434 solvito.

351 2472 461 2547 (oeque
477 2472 579 2547 osaea)
595 2470 774 2547 quandoque
787 2476 893 2546 sarpta
903 2465 938 2552 ¹),
954 2468 1298 2545 concremuerunt,
1315 2470 1414 2546 (liqna
1429 2474 1498 2531 vin-

350 2573 456 2635 dicito:
482 2580 530 2633 cet
548 2575 602 2649 qui
622 2575 735 2646 iunxit,
757 2572 898 2648 duplione
918 2572 1062 2633 damnum
1082 2570 1248 2649 desidiam?
1285 2568 1347 2635 uui
1367 2577 1499 2657 praeter

349 2668 432 2738 alios
441 2693 509 2744 suo
524 2670 651 2738 calculo
666 2668 860 2757 adstipulati
876 2677 953 2735 sunt
967 2666 1094 2736 Puchta
1108 2668 1227 2757 Script.
1240 2672 1317 2736 min.
1333 2670 1436 2759 pata
1448 2692 1498 2757 sq.

349 2773 434 2841 Inst.
454 2775 475 2855 §
494 2772 558 2838 232
571 2772 634 2838 dd.
660 2782 694 2838 et
714 2772 939 2858 Bceckingius
961 2770 1063 2837 Pand.
1086 2774 1106 2853 ξ
1129 2772 1191 2839 140
1209 2794 1242 2839 n.
1262 2772 1315 2839 23.
1358 2771 1497 2838 Verum·

350 2885 460 2942 tamen
473 2896 591 2961 parum
604 2872 660 2939 illc
675 2872 890 2961 probabiliter
905 2874 1038 2939 diversa
1051 2872 1085 2937 in
1099 2896 1199 2968 unum
1214 2874 1322 2960 coegit
1336 2874 1499 2963 particula

351 2984 468 3057 ‘aeque’
483 2975 685 3042 —debebat
704 2974 821 3040 saltem
837 2983 932 3041 ‘aava’
949 2998 1006 3040 -ε
1029 2997 1103 3041 cum
1128 2977 1219 3064 prius
1245 2978 1429 3043 membrum
1454 2976 1498 3044 ad

351 3078 450 3145 aedes
465 3087 498 3144 et
513 3079 662 3160 vineam,
676 3076 821 3165 ⁸alterum
841 3087 959 3164 suapte
979 3087 1099 3145 natura
1119 3078 1163 3144 ad
1182 3076 1285 3145 sclam
1301 3080 1432 3145 vineam
1448 3102 1496 3147 re-

352 3180 473 3269 spiciat
486 3217 528 3227 —-
543 3178 579 3243 id
594 3180 682 3266 quod
696 3202 738 3245 ne
752 3180 862 3267 ipsum
876 3179 1010 3267 quidem
1025 3180 1236 3246 Huschkium
1249 3181 1431 3269 praeteriit,
1453 3180 1497 3249 of.

351 3308 383 3370 p.
399 3282 442 3347 26
462 3304 511 3367 sq.
536 3304 590 3345 -ι
618 3304 681 3357 neo
700 3282 807 3348 minus
829 3280 1015 3369 refragetur
1034 3282 1124 3347 idem
1145 3282 1345 3350 vocabulum
1365 3282 1496 3353 diverso

351 3383 433 3451 adeo
453 3406 590 3450 numero
606 3385 781 3472 repetitum
796 3386 921 3465 ‘tiquam
936 3419 976 3433 -
992 3390 1100 3465 tiana)
1137 3385 1248 3468 Quare
1272 3384 1323 3451 his
1349 3395 1498 3474 praestat

351 3485 456 3554 altera
478 3487 564 3553 ratio
591 3509 689 3574 quam
714 3486 803 3553 idem
827 3488 1014 3575 proposuit,
1044 3486 1103 3553 sed
1128 3498 1165 3555 ut
1194 3487 1359 3555 duriorem
1384 3488 1498 3555 reiecit

350 3610 384 3675 p.
398 3589 441 3653 24
454 3611 486 3655 n.
502 3588 545 3653 42
561 3594 750 3669 ‘quandoque
764 3600 884 3670 sarpta,
909 3593 1003 3656 donec
1018 3592 1137 3671 dempta
1152 3601 1242 3656 erunt
1256 3596 1354 3671 tiana,
1369 3612 1408 3657 aa
1426 3598 1496 3659 oin-

347 3696 461 3756 dicito!

435 3791 520 3857 Tum
541 3793 629 3879 qnod
645 3792 815 3861 Cuiaeium
836 3818 878 3861 ex
901 3802 994 3882 parte
1009 3804 1139 3862 secutus
1147 3796 1173 3883 ²)
1195 3796 1327 3883 scripsit
1346 3802 1402 3861 ‘sei
1419 3816 1495 3863 coa-

422 4085 441 4151 ¹)
460 4084 571 4147 ‘Supra
589 4088 752 4152 quandoque’
772 4102 864 4138 errore
883 4092 991 4139 tantum
1009 4087 1140 4139 'scribitur
1158 4104 1183 4153 p.
1203 4089 1252 4153 29,
1270 4088 1342 4139 unde
1361 4078 1496 4155 repetitur

352 4187 369 4223 a
392 4170 502 4223 Puchta
525 4174 553 4221 et
570 4170 744 4237 Boaclringio
767 4170 787 4222 l.
806 4171 826 4224 l.
845 4172 882 4222 cf.
905 4188 931 4239 p.
950 4174 967 4223 4
986 4178 1014 4223 et
1031 4174 1072 4226 ⁸24.
1109 4172 1238 4224 Ceterum
1263 4188 1297 4224 ex
1320 4178 1401 4240 parte
1422 4175 1495 4225 viam

352 4256 473 4323 praeivit
495 4255 638 4307 Huschkio
656 4256 773 4308 Locella
794 4257 823 4306 in
846 4256 918 4308 libro
936 4258 1015 4308 ‘Tria
1033 4260 1147 4308 tantam.
1168 4256 1203 4309 ad
1225 4256 1325 4311 illustr.
1343 4258 1397 4309 ΧΠ
1415 4258 1495 4311 tabu·

350 4341 407 4393 las’
425 4358 451 4408 p.
466 4343 516 4393 180
533 4341 700 4408 ‘Quandoque
715 4349 809 4407 sorpta
826 4344 900 4393 eirea
918 4344 988 4402 escit,
1005 4344 1121 4394 danicam
1135 4344 1237 4408 dempta
1255 4350 1342 4404 ment,
1360 4346 1431 4411 lipsa
1442 4347 1495 4397 oin·

352 4428 440 4479 dicare
457 4430 496 4478 iar
514 4430 594 4478 erto':
613 4427 665 4478 etei
682 4429 850 4479 sententiam
869 4427 962 4479 effecit
979 4428 1154 4480 contrariam.

419 4527 441 4592 ²)
459 4528 583 4581 Fallitur
601 4533 693 4580 antem
710 4530 740 4580 in
757 4530 798 4581 eis
817 4544 887 4596 quae
906 4529 939 4583 de
958 4528 1069 4583 (luiacii
1087 4532 1249 4585 coniectura
1266 4536 1303 4583 ‘et
1325 4533 1494 4599 Μαρίων
