3409 5409
318 552 365 600 Du
386 548 580 599 vu'riississvs
604 548 654 595 x11
677 547 891 598 Tauvnlsvm
912 548 1200 598 mrsurnarisvs.
1291 533 1334 598 23

170 706 282 772 datur
297 704 386 791 quod
401 702 594 770 Huschkins
611 704 704 791 ponit
719 706 841 768 ‘librum
851 710 966 784 populo
977 707 1105 767 dcdtrsc’
1120 724 1194 767 eum
1205 711 1333 769 tantmn

172 808 249 874 dici
278 828 375 895 posse
401 806 457 894 qui
484 804 638 891 ¹collectas
666 805 701 869 in
721 804 891 891 publicum
911 828 1007 871 usum
1029 795 1188 871 formulas
1209 804 1244 869 in
1258 805 1332 871 foro

172 909 402 997 proposuerit.
431 908 536 973 Immo
556 910 704 973 iunctum
724 907 909 973 membrum
924 916 970 972 ‘et
982 914 1003 972 Ι.
1015 929 1048 987 p.
1065 912 1107 971 d.’
1122 906 1270 973 indicare
1284 908 1332 973 vi-

84 1036 88 1075 i
178 1012 285 1077 detur
305 1011 402 1099 plura
421 1011 469 1077 ibi
490 1010 593 1077 fuisse
614 1009 862 1098 comprehensa.
891 1009 962 1075 Nec
975 1010 1081 1094 magis
1097 1007 1268 1095 probabile
1283 1017 1334 1074 est

84 1090 87 1119 ι
173 1114 265 1199 legis
294 1114 458 1180 actionem
484 1112 527 1179 ab
548 1112 624 1179 Sex.
647 1110 744 1179 Aelio
766 1112 817 1179 bis
839 1111 980 1178 diversis
1000 1110 1095 1177 libris
1116 1111 1332 1199 compositam

175 1238 271 1283 esse:
295 1216 425 1281 omnino
445 1212 502 1279 illa
525 1223 633 1279 aetate
653 1212 832 1280 admodum
852 1236 954 1301 parca
972 1214 1007 1279 in
1028 1211 1197 1279 litterariis
1218 1232 1331 1279 monu-

83 1320 87 1359 ²
178 1319 304 1383 mentis
326 1317 532 1405 proferendis
553 1314 823 1382 vix'orediderim
838 1315 903 1382 tria
918 1314 1034 1382 similis
1050 1316 1236 1401 argumenti
1251 1317 1330 1381 scri-

177 1430 241 1507 pta
255 1420 299 1486 ab
314 1442 378 1485 uno
393 1418 524 1484 homine
539 1418 688 1505 prolecta
702 1438 785 1483 esse.
806 1417 893 1483 Nam
908 1417 998 1505 quod
1012 1417 1205 1484 Huschkius
1217 1417 1333 1483 statuit

83 1530 86 1567 '¹
164 1522 351 1608 'tripertita
365 1542 431 1587 non
446 1518 577 1608 populi,
604 1520 662 1585 sed
684 1521 745 1585 soli
768 1519 1060 1606 iurisprudentium
1073 1520 1150 1585 usui
1165 1520 1332 1586 destinata

179 1624 287 1689 fuisse
296 1671 305 1707 ,
326 1623 362 1689 id
382 1645 488 1710 neque
506 1620 573 1689 ullo
591 1621 712 1689 indicio
729 1622 879 1689 firmatm
892 1643 998 1708 neque
1012 1622 1093 1687 satis
1108 1621 1196 1687 illius
1212 1623 1331 1687 aetatis

115 1764 120 1771 ·
141 1724 144 1729 ’
181 1726 332 1792 moribus
348 1724 536 1813 respondet.
564 1724 714 1812 Denique
729 1747 771 1790 ne
785 1723 935 1791 offendas
950 1722 986 1787 in
1000 1723 1074 1811 ipsa
1084 1722 1253 1789 titulorum
1265 1722 1330 1787 dis-

82 1842 83 1849 ’
179 1827 370 1915 crepantia,
394 1826 497 1894 altero
513 1826 584 1893 loco
600 1836 666 1892 est:
690 1833 756 1907 ‘qui
768 1830 998 1893 inscribitur
1012 1830 1187 1907 tripertita’,
1209 1824 1328 1891 altero:

82 1974 83 1983 ι
179 1936 248 2010 ‘qai
261 1950 281 1993 α
283 1936 376 2009 ppei
381 1936 484 1995 latur
498 1937 545 1995 ius
559 1933 742 1995 Aelianum’:
757 1930 875 2017 nem'pe
888 1928 988 1994 talam
1002 1950 1069 1996 non
1079 1928 1207 2015 abipso
1220 1935 1329 1993 aucto

182 2054 220 2097 re
240 2030 426 2119 profectam
446 2032 549 2099 fuisse
570 2032 830 2121 inscriptionem,
853 2052 971 2099 veram
990 2052 1012 2097 a
1025 2030 1147 2119 populo
1162 2028 1207 2096 ad
1221 2051 1329 2095 exem·

179 2134 273 2222 plum
288 2134 368 2199 imis
383 2133 492 2201 civilis
513 2133 666 2201 Flaviani
688 2134 834 2201 effictam
854 2143 969 2222 sponte
991 2142 1139 2221 apparet.
1179 2132 1232 2199 Aa
1251 2154 1330 2197 sane

182 2258 221 2301 eo
243 2238 375 2301 nomine
396 2235 515 2321 dignus
537 2236 643 2303 videri
664 2246 795 2324 poterat
814 2238 843 2301 is
862 2234 949 2303 liber
963 2236 1020 2322 qui
1036 2235 1152 2302 ‘veluti
1167 2233 1331 2301 cunabula
1448 2223 1453 2233 ’

182 2336 278 2403 iuris’
301 2337 530 2425 continebam)
561 2338 659 2420 Quod
679 2346 789 2403 autem
808 2336 1008 2425 Pomponius
1028 2339 1138 2425 priore
1158 2337 1231 2406 loco
1251 2335 1328 2403 alte-

181 2462 256 2505 rum
271 2438 403 2507 titulum
418 2462 483 2506 non
498 2438 643 2505 addidit:
660 2462 727 2505 non
742 2450 792 2507 est
806 2448 900 2505 tanta
909 2439 1006 2505 huius
1019 2439 1189 2526 scriptoris
1201 2439 1329 2523 religio,

181 2542 324 2630 quisine
338 2540 459 2607 iudicio
473 2542 580 2609 sontes
597 2542 773 2631 exscripsit
787 2552 821 2610 et
835 2542 999 2609 turbavit:
1016 2550 1114 2628 atque
1128 2542 1242 2607 eodem
1258 2543 1329 2607 iure

183 2644 274 2711 dicas
301 2643 404 2711 altero
429 2645 500 2711 loco
524 2645 558 2709 in
582 2644 741 2711 librorum
767 2643 845 2711 Sex.
871 2642 960 2709 Aelii
982 2645 1227 2711 enumeratione
1246 2644 1329 2711 iuris

184 2745 315 2813 Aeliani
330 2768 459 2833 quoque
475 2744 632 2812 disertam
648 2748 847 2813 mentionem
863 2744 1055 2812 desiderari.

266 2849 313 2915 At
335 2847 546 2915 libidinosius
570 2848 670 2915 etiam
692 2849 739 2915 eis
762 2848 885 2915 abusus
906 2848 1164 2915 estHuschkius
1181 2871 1327 2939 quaese

183 2958 326 3038 quuntur
340 2950 430 3038 apud
443 2950 660 3039 Pomponium
674 2951 696 3017 l.
713 2951 735 3019 l.
758 2956 902 3017 ‘eiusdem
915 2973 978 3017 esse
991 2962 1051 3018 tres
1065 2958 1122 3019 alii
1132 2956 1205 3019 tttrs'
1217 2958 1328 3017 ὀίεαι-

188 3068 244 3134 tur,
260 3074 332 3135 quos
347 3065 445 3120 tumen
459 3059 578 3134 quidem
593 3060 848 3135 manutenerent
862 3061 947 3121 erar.
973 3054 1138 3123 Nimirum
1153 3064 1231 3121 ‘tres
1246 3053 1329 3120 alios

188 3156 302 3224 libros’
319 3166 489 3224 asseverat
502 3180 569 3224 non
583 3158 647 3223 triu
662 3156 803 3245 scripta,
820 3157 879 3223 sed
893 3158 990 3224 unius
1006 3158 1120 3245 scripti
1134 3166 1201 3223 tres
1217 3166 1327 3244 partes

184 3256 418 3345 intellegendas
434 3282 521 3343 esse,
539 3282 578 3325 ac
592 3260 696 3326 mirae
707 3260 971 3347 interpretationi
981 3282 1116 3347 prorsus
1128 3259 1328 3346 singularem

183 3382 330 3427 caussam
345 3360 487 3427 addidit:
511 3362 640 3427 etiamsi
655 3385 722 3427 non
737 3362 841 3445 idem,
863 3364 919 3449 qui
933 3364 1188 3451 tripertitomm,
1212 3364 1328 3429 horum

186 3484 312 3550 quoque
332 3460 489 3529 librorum
509 3472 624 3529 auctor
644 3463 838 3550 fingeretur,
865 3474 976 3531 tamen
995 3464 1130 3530 minime
1148 3464 1327 3531 verisimile

184 3586 253 3629 esse
273 3564 338 3628 iam
358 3586 460 3630 unum
482 3566 658 3652 exprimis
679 3566 720 3631 de
740 3567 821 3631 iuris
842 3565 980 3631 scientia
1000 3566 1216 3654 scriptoribus
1229 3588 1326 3651 argu·

184 3675 324 3731 mentum
344 3687 438 3735 suum
458 3665 608 3753 pluribus
631 3666 784 3755 operibus
805 3676 1025 3755 pertractasse
1040 3666 1086 3755 (p.
1104 3668 1192 3754 182).
1222 3668 1326 3750 Quasi

183 3790 259 3834 vero
280 3768 495 3856 suppositicia
515 3768 640 3857 scripta
660 3770 737 3858 quia
751 3771 814 3839 sub
829 3769 950 3838 illustri
964 3770 999 3837 S.
1014 3770 1102 3837 Aelii
1116 3772 1247 3838 nomine
1261 3770 1325 3837 fer·

248 4010 267 4077 ¹)
286 4012 453 4079 Pomponius
476 4024 559 4076 quum
576 4012 592 4074 ξ
609 4014 625 4063 2
645 4016 672 4063 et
691 4014 706 4063 7
725 4012 860 4064 eiusmodi
879 4014 1098 4080 appellationem
1120 4013 1184 4065 inde
1206 4015 1325 4064 maxime

183 4101 331 4164 repeteret,
350 4096 480 4162 quoniam
499 4101 628 4149 auctores
646 4097 717 4149 nihil
729 4096 763 4150 de
776 4112 826 4150 suo
841 4098 996 4150 adiecerint
1014 4100 1124 4165 legibus
1141 4099 1187 4173 vel
1206 4100 1325 4150 actioni·

184 4182 232 4234 bus
250 4180 389 4246 collectis,
409 4196 507 4247 parum
529 4196 587 4233 rem
611 4197 664 4234 aen
687 4184 789 4250 tetigit.
824 4182 880 4236 Sed
903 4184 976 4251 qnod
993 4185 1066 4236 idem
1085 4185 1143 4236 ‘ius
1160 4184 1323 4235 Aeliannm’

174 4266 345 4332 simpliciter
364 4265 503 4333 appellat,
522 4282 584 4318 cum
608 4274 693 4319 antea
717 4270 760 4320 ins
783 4270 889 4321 civile
913 4275 941 4320 et
963 4270 1129 4321 Flavianum
1152 4274 1181 4320 et
1197 4270 1324 4335 Papiria-

186 4368 245 4403 num
261 4352 416 4417 notaverit,
434 4351 463 4402 id
480 4354 616 4404 neminem
638 4354 736 4420 opinor
758 4355 857 4405 mirum
874 4355 1002 4408 habebit:
1025 4359 1056 4405 ut
1073 4354 1213 4405 Huschkii
1236 4354 1324 4421 expli·

187 4438 290 4489 catione
309 4454 369 4490 meo
394 4436 503 4503 quidem
526 4438 675 4491 intellectu
696 4438 855 4491 difficiliore
872 4455 899 4505 p.
920 4442 969 4491 180
990 4440 1065 4491 haud
1087 4442 1205 4506 parate
1227 4454 1322 4492 carere

185 4522 322 4589 possimus.
356 4524 417 4576 Non
440 4523 542 4575 maiore
565 4524 627 4575 ture
645 4522 806 4577 Huschkius
830 4524 867 4576 ad
886 4524 973 4576 verba
993 4527 1085 4577 ‘celati
1101 4525 1225 4577 wanbuia
1242 4526 1322 4577 iurts’

187 4606 244 4661 addi
260 4610 370 4669 tecua?
389 4608 468 4662 iubet
485 4625 512 4675 p.
530 4608 588 4661 181.
