3409 5409
341 468 382 533 92
756 467 869 532 ossus
892 484 1071 546 ovssrvu.

341 646 428 705 dieit'
443 640 527 706 bene
540 639 686 707 illustrat
704 640 812 726 ipsum
833 639 956 725 agendi
977 638 1125 723 modum3
1148 638 1312 724 signifieat
1331 638 1418 704 enim
1435 638 1499 703 ‘in

341 766 379 808 eo
395 744 462 809 vim
477 752 653 827 monstrat,
670 743 880 809 manifestam
899 740 1027 807 reddit’
1049 742 1154 829 (nie’
1173 742 1196 809 i.
1212 764 1241 809 e.
1257 741 1368 825 brix-l:
1390 764 1498 828 quem

339 845 496 932 loquendi
516 868 613 910 usum
632 868 674 911 ne
693 847 728 911 in
750 843 943 911 vindicandi
963 845 1097 931 quidem
1112 845 1214 911 verbo
1230 866 1365 931 prorsus
1386 844 1495 911 inter·

340 958 504 1014 mortuum
527 970 600 1012 esse
621 946 722 1013 Gellii
746 946 925 1034 descriptio
953 946 1051 1012 fidem
1076 946 1159 1011 iaoit
1184 956 1332 1013 evetere
1353 956 1495 1011 auctore

340 1050 459 1113 hausta
478 1048 549 1113 XX
572 1050 669 1130 10‚t
695 1052 785 1113 ‘Num
813 1054 851 1114 de
871 1070 931 1129 qua
949 1070 984 1113 re
1010 1052 1194 1129 disceptatur
1220 1056 1252 1114 ia
1272 1056 1338 1115 iure
1365 1054 1411 1126 (iu
1437 1058 1493 1128 re)

338 1158 505 1232 praesenti,
521 1158 582 1216 siue
596 1172 671 1230 aper
684 1158 745 1217 siue
759 1156 834 1230 quid
846 1156 935 1217 atiud
946 1164 1004 1230 est,
1020 1171 1088 1216 eum
1102 1156 1280 1217 aduersario
1293 1158 1380 1216 simui
1394 1170 1493 1215 manu

336 1258 490 1334 prendere
503 1264 533 1318 et
552 1262 564 1318 i
568 1274 588 1317 u
603 1274 645 1318 eu
665 1276 706 1318 re
726 1252 914 1318 soltemm'bus
928 1256 1023 1318 vertit
1038 1258 1208 1325 uindicare,
1225 1258 1314 1318 idest
1328 1258 1488 1319 vindicio?

341 1362 362 1441 ξ
377 1357 398 1421 9
413 1361 455 1421 ‘et
468 1362 504 1420 iu
517 1376 560 1421 eu
574 1360 684 1435 pieta
699 1366 850 1435 tamquam
871 1363 882 1420 i
888 1376 908 1419 a
929 1365 941 1419 t
948 1366 1006 1421 oto
1019 1376 1111 1435 apro
1125 1360 1336 1422 uindicarent?
1361 1354 1490 1420 Addita

341 1469 452 1525 autem
468 1466 513 1524 ‘in
526 1466 614 1535 iure,
630 1480 714 1544 quae
728 1459 837 1523 neseio
852 1480 912 1522 our
926 1456 1379 1524 inclusitMommsenusMus.
1395 1456 1488 1521 rhen.

341 1561 420 1648 phil.
436 1560 504 1626 XV
523 1582 555 1646 p.
571 1560 650 1641 464,
674 1582 739 1625 non
760 1560 866 1644 magis
887 1560 929 1627 ab
950 1562 982 1626 h.
998 1560 1020 1625 l.
1042 1561 1158 1626 abesse
1173 1582 1234 1647 par
1254 1570 1306 1626 est
1324 1558 1423 1646 quam
1443 1558 1488 1624 ab

341 1663 445 1729 altero
461 1661 502 1727 de
517 1660 670 1728 vindieiis
686 1670 862 1749 praecepto
884 1670 929 1727 ‘si
944 1663 1024 1746 [qut]
1040 1670 1071 1727 iu
1087 1668 1153 1727 iure
1174 1682 1294 1727 manum
1309 1668 1487 1727 couseruut'

341 1764 393 1829 VI
407 1764 438 1829 5.
461 1766 505 1828 ef.
517 1762 645 1830 Gellius
659 1763 681 1828 l.
690 1785 717 1830 e.
730 1765 750 1829 8
767 1768 934 1844 ‘Correptio
948 1784 1055 1829 munus
1069 1771 1101 1830 iu
1114 1786 1150 1831 re
1164 1776 1253 1843 utque
1267 1772 1299 1830 im
1313 1771 1378 1829 ioco
1389 1782 1489 1845 prae-

341 1874 417 1932 senti
431 1871 517 1947 apud
527 1879 696 1947 praetorem
711 1886 752 1930 eu
765 1870 835 1929 XII
848 1870 956 1931 tabuiis
966 1871 1080 1943 fiebat?

427 1968 579 2057 Denique
599 1968 699 2034 etiam
720 1972 872 2032 ‘secante’
896 1967 963 2053 (ΠΙ
978 1968 1012 2052 6)
1035 1968 1078 2033 ed
1100 1968 1238 2033 eandem
1257 1988 1488 2053 normamque

343 2077 489 2138 ‘audiat‘
515 2094 581 2136 non
607 2071 678 2135 sine
703 2070 813 2156 specie
832 2069 1024 2134 Husohkius
1051 2070 1222 2136 revocavit
1248 2069 1289 2134 de
1313 2071 1385 2134 iure
1408 2069 1489 2135 nexi

342 2196 374 2261 p.
390 2174 431 2239 88
446 2196 476 2239 n.
494 2174 555 2238 119
571 2177 721 2237 ‘seruato’
738 2173 773 2235 in
787 2171 860 2255 lege
876 2172 1035 2259 scriptum
1050 2180 1152 2237 ratus.
1176 2170 1220 2237 oi.
1236 2170 1323 2237 idem
1339 2170 1380 2236 de
1394 2171 1489 2256 tigno

340 2276 452 2342 Iuncto
467 2298 500 2362 p.
517 2276 602 2340 1911.
619 2275 670 2339 33.

426 2377 498 2442 Iam
513 2400 592 2443 vero
607 2376 696 2463 quod
711 2372 879 2442 ‘uerbirit'
895 2386 929 2441 et
949 2380 1103 2442 ‘vindicii’
1119 2377 1345 2443 coniunctivos
1367 2374 1489 2441 iniuria

341 2479 501 2566 explicari
517 2478 676 2545 vidimus:
696 2478 897 2543 confidenter
913 2477 1066 2545 addimus
1082 2480 1240 2545 omnino
1256 2479 1487 2546 coniuncti·

341 2605 432 2649 vum
453 2584 577 2647 etiam
597 2604 617 2645 a
636 2578 995 2646 conditionalibus
1017 2582 1244 2649 enuntiatis
1274 2582 1411 2647 harum
1431 2580 1487 2646 le-

341 2707 430 2771 gum
452 2706 620 2772 prorsus
645 2682 820 2748 alienum
840 2684 981 2769 esse¹);
1002 2684 1057 2771 qui
1079 2684 1185 2751 sionbi
1205 2684 1240 2749 in
1261 2686 1368 2771 legem
1388 2682 1486 2748 infer·

342 2798 412 2869 tur,
439 2795 497 2851 aut
525 2807 616 2850 error
642 2785 756 2850 subest
780 2794 838 2850 aut
864 2786 1057 2851 correctoris
1083 2785 1224 2851 lieentia.
1263 2788 1374 2873 Atque
1399 2784 1487 2871 apud

341 2890 477 2954 Festum
496 2910 528 2973 p.
551 2888 614 2953 376
631 2886 715 2973 (XII
729 2886 764 2974 4)
780 2908 822 2952 ne
840 2884 989 2953 codicum
1004 2888 1136 2974 quidem
1151 2888 1216 2954 fide
1229 2888 1348 2953 nititur
1363 2893 1406 2953 ‘si
1419 2894 1488 2953 velit

341 3000 385 3056 is’
406 2989 493 3078 quod
522 3010 596 3053 enm
617 2986 689 3053 aliis
709 2988 902 3054 Huschkius
923 2991 1059 3055 retinuit
1079 2991 1146 3055 Iar.
1167 3000 1232 3057 ant.
1254 3014 1286 3078 p.
1301 2990 1343 3056 26
1363 2990 1487 3055 frustra

342 3101 469 3158 tutatus
490 3090 554 3157 Gai
574 3090 645 3157 loco
666 3090 717 3156 IV
734 3091 795 3157 163
816 3114 872 3155 -ι
895 3092 953 3157 sed
968 3092 1046 3158 libri
1061 3090 1115 3156 vel
1131 3098 1212 3157 ‘siue
1231 3099 1307 3159 titis’
1324 3100 1487 3159 testantur

341 3193 397 3258 vel
423 3193 622 3258 coniunctim
649 3198 823 3259 ‘siueiitis'z
848 3202 886 3259 ut
913 3192 995 3258 illud
1021 3214 1154 3260 servare
1180 3216 1260 3260 sane
1287 3195 1487 3261 tutissimum

343 3296 397 3361 sit
429 3294 635 3383 Quamquam
655 3296 865 3362 vehementer
890 3294 1015 3361 arridet
1035 3296 1123 3382 quod
1145 3296 1183 3363 Ο.
1205 3296 1383 3363 Muellerus
1410 3295 1488 3363 inde

341 3397 451 3463 effecit
471 3405 574 3464 ‘sititis
589 3404 633 3476 (et
645 3403 875 3480 vindiciarum)’
891 3434 931 3447 -
947 3407 1096 3483 praestet
1111 3403 1214 3463 ‘sititis
1229 3404 1487 3480 (riedirierum)’:

343 3499 385 3565 of.
404 3500 520 3567 Cicero
543 3501 578 3564 in
603 3500 696 3565 Verr.
720 3500 756 3566 II
776 3500 794 3565 I
817 3502 877 3582 45,
902 3501 963 3564 115
986 3522 1015 3565 u.
1041 3501 1196 3567 Asconio.
1226 3500 1378 3567 Kellerus
1398 3521 1488 3588 proe.

343 3600 431 3668 civil.
451 3624 486 3689 p.
502 3602 544 3666 29
565 3625 597 3667 n.
615 3604 675 3667 108
700 3641 733 3650 -
758 3607 778 3667 ἦ
796 3652 803 3667 .
823 3651 830 3667 .
852 3606 981 3667 arbitros
1001 3612 1061 3667 tres
1082 3606 1185 3668 dato’:
1207 3614 1393 3670 nontamen
1414 3625 1487 3689 pro·

340 3702 514 3770 babilitate
528 3703 617 3770 omni
633 3703 956 3770 destituiturGuiaoii
971 3716 1189 3771 commentum
1205 3704 1341 3772 Obss.V
1356 3705 1396 3769 21
1413 3714 1489 3771 ‘rei

341 3814 403 3873 siue
418 3812 489 3872 titis'
506 3808 704 3893 repensatis.
727 3808 770 3872 ef.
786 3806 888 3873 Varro
903 3806 925 3872 l.
941 3806 962 3872 l.
978 3806 1048 3871 VH
1063 3808 1104 3873 93
1119 3813 1162 3873 ‘iu
1178 3813 1343 3874 actionibus
1357 3812 1488 3875 uidemus

341 3914 404 3975 dici
416 3914 532 3990 “quum
546 3930 609 3974 rem
623 3918 684 3976 siue
698 3918 740 3976 mi
752 3918 832 3976 litem
846 3914 947 3975 dicere
961 3914 1108 3990 oportet.’'
1132 3908 1202 3975 Gis.
1218 3934 1250 3999 p.
1264 3909 1350 3975 Mur.
1369 3910 1418 3992 12,
1433 3910 1486 3976 27.

426 4013 474 4078 At
502 4014 607 4097 magis
636 4013 671 4076 in
700 4034 833 4077 censum
861 4013 953 4077 venit
986 4012 1027 4076 fr.
1057 4010 1142 4077 VIII
1171 4012 1214 4077 22
1243 4016 1319 4088 ‘Qui
1347 4032 1379 4076 se
1406 4018 1490 4077 surii

342 4122 482 4180 testarier
499 4118 678 4195 libripensve
702 4117 814 4191 suerit,
845 4123 879 4178 m·
906 4122 1100 4180 testimenium
1126 4118 1319 4197 feriatur,
1346 4116 1489 4195 inprobus

342 4220 573 4295 intestabilisque
585 4226 671 4282 esto?
684 4216 725 4280 In
738 4216 840 4281 verbo
849 4216 1122 4295 ‘feriatur’,euius
1136 4218 1226 4284 notio
1238 4216 1414 4304 perspicua
1426 4226 1487 4299 est,

341 4317 447 4384 forma
461 4318 618 4401 obseura,
634 4320 911 4405 mirumquantum
930 4320 1099 4406 expatiata
1120 4328 1170 4384 ost
1189 4318 1337 4407 priorum
1359 4318 1489 4383 eritieo·

409 4543 431 4609 1)
450 4546 487 4596 ef.
507 4544 593 4595 etiam
611 4544 644 4595 Ο.
662 4542 811 4595 Muellerus
829 4540 931 4610 Sculpt.
950 4544 1015 4599 min.
1034 4544 1125 4595 13⁷9.
