3409 5409
366 538 413 589 nn
435 540 487 589 xn
509 537 723 589 rusvnsnvn
744 535 923 602 ssnrovns
946 539 1194 592 connnsnnms.
1308 526 1350 589 49

195 695 256 783 (ΙΙ
273 694 337 781 13),
356 697 405 759 11.
421 697 635 763 -Attamen
654 717 759 783 neque
782 695 831 760 his
852 694 932 761 locis
953 696 1097 762 traditur
1116 697 1285 786 antiquam
1305 696 1350 761 le—

193 820 279 885 gem
294 820 315 863 a
328 796 421 865 Sulla
434 798 620 864 restitutam
635 820 706 865 esse
721 820 827 886 neque
843 800 973 865 omnino
996 800 1038 865 de
1053 800 1263 887 sumptuariis
1280 800 1349 864 eius
1462 828 1469 849 ι

194 899 295 967 modi
310 899 381 967 XII
397 899 525 985 legibus
542 900 722 987 quidquam
736 898 870 966 aliunde
884 902 1038 967 innotuit.
1068 903 1162 984 Quae
1179 904 1209 967 si
1224 901 1350 967 extitis-

194 1012 293 1087 sent,
310 1002 550 1090 expectandum
571 1012 641 1069 erat
661 1012 750 1069 certe
766 1002 909 1071 Gellium
929 1014 963 1069 et
976 1003 1199 1088 Macrobium,
1220 1008 1276 1091 qui
1296 1003 1350 1068 de-

193 1104 276 1171 dita
294 1126 395 1194 opera
414 1114 628 1192 conspectum
648 1104 757 1191 legum
782 1106 1061 1193 sumptuariamm
1081 1117 1220 1192 egerunt
1239 1130 1283 1171 ex
1303 1106 1350 1170 di-

193 1208 311 1275 versis
326 1216 465 1295 uterque
479 1205 628 1273 fontibus
643 1206 795 1273 haustam
810 1248 852 1259 -
867 1231 910 1275 ex
919 1209 1176 1297 CapitonisAtei
1191 1209 1350 1275 coniecta·

192 1312 275 1376 neis
296 1308 424 1377 Gellius
446 1348 486 1357 —
507 1308 550 1373 de
570 1307 629 1373 illa
647 1307 719 1395 lage
738 1310 897 1396 primaria
917 1312 1015 1377 unius
1036 1312 1132 1377 verbi
1153 1312 1352 1382 mentionem
1412 1374 1417 1381 ,

192 1412 381 1478 iniecturos
398 1432 484 1476 esse:
501 1411 557 1497 qui
572 1418 772 1477 tamencum
790 1412 903 1500 plures
917 1413 1021 1479 fuisse
1032 1414 1101 1478 eius
1119 1412 1249 1498 generis
1261 1412 1350 1499 leges

194 1514 304 1579 etiam
318 1522 393 1579 ante
408 1510 596 1579 Corneliam
612 1511 747 1596 docent,
768 1522 837 1579 tum
854 1515 1012 1602 ‘primam
1026 1518 1169 1581 omnium
1185 1516 1226 1581 de
1242 1516 1350 1580 coenis

193 1616 310 1702 legem
331 1615 374 1681 ad
394 1613 551 1703 populum
567 1614 723 1680 Orchiam
745 1618 956 1703 pervenisse’
977 1616 1022 1703 (a.
1037 1642 1072 1683 u.
1087 1615 1265 1703 IOLXXI)
1281 1616 1350 1681 Ma·
1470 1622 1474 1630 '

193 1718 336 1785 erobius
358 1717 480 1783 diserte
501 1726 652 1783 testatur.
688 1716 820 1785 Erroris
846 1718 950 1804 igitur
968 1720 1095 1784 crimen
1115 1722 1173 1785 vix
1200 1719 1353 1803 effugerit

193 1818 417 1887 Ammianus:
445 1819 538 1885 cuius
561 1840 636 1885 eum
655 1818 709 1885 val
734 1820 840 1905 magis
868 1822 1038 1887 convincit
1063 1844 1160 1909 quem
1186 1830 1351 1887 auctorem

196 1944 263 1987 nec
291 1942 370 1987 varo
394 1922 519 1989 socium
545 1921 666 1986 erroris
687 1920 768 1986 mihi
793 1921 909 1987 videor
930 1922 1186 2011 deprehendere.
1224 1922 1350 2010 Nempe

193 2024 347 2091 Cicero
364 2023 405 2089 de
419 2022 484 2108 leg.
501 2022 594 2088 1123
610 2045 680 2110 sqq.
701 2020 784 2109 legis
801 2022 873 2089 XII
887 2022 1074 2091 tabularum
1096 2026 1137 2091 da
1158 2036 1291 2113 sumptu
1309 2027 1351 2089 in

193 2126 416 2193 funeribus
437 2124 613 2190 minuendo
628 2136 805 2213 praecepta
819 2127 978 2211 illustrat,
1001 2128 1120 2213 quibus
1135 2136 1266 2215 praeter
1287 2125 1353 2192 alia
1465 2164 1472 2175 =

192 2236 398 2314 sumptuosa
420 2238 586 2293 murratae
606 2228 748 2314 potionis
770 2230 931 2316 respersio
953 2231 1164 2316 omnisque
1184 2231 1353 2295 circum·

193 2328 362 2419 potatio
380 2326 512 2395 sublata
527 2328 572 2395 sit
590 2328 647 2414 (24
666 2332 686 2412 ξ
702 2330 758 2418 60)
782 2352 886 2417 eaque
907 2353 949 2396 ex
969 2340 1062 2418 parte
1076 2331 1283 2397 translata
1305 2332 1352 2395 da

195 2430 371 2499 Solonis
393 2430 480 2499 iere
503 2428 663 2515 legibus
683 2443 851 2519 nuncupat
875 2431 930 2516 (23
951 2432 1039 2515 §aa
1062 2434 1106 2499 25
1125 2439 1145 2516 ἓ
1161 2434 1227 2520 64).
1264 2432 1353 2498 Hinc

196 2534 306 2620 igitur
319 2533 549 2615 Ammianum,
571 2534 627 2619 qui
647 2532 778 2620 quidem
793 2542 916 2619 quanto
936 2532 1046 2600 studio
1067 2534 1260 2602 Ciceronem
1279 2556 1353 2623 pro·

197 2644 375 2723 sequatur,
390 2626 456 2700 n6n
471 2656 537 2700 uno
553 2632 766 2701 historiarum
786 2631 859 2701 loeo
874 2636 989 2702 videre
1009 2636 1101 2719 licet,
1123 2648 1354 2723 argumentum

196 2738 363 2826 repetisse
383 2744 483 2821 atque
505 2736 663 2803 memoria
684 2736 813 2823 lapsum
841 2738 884 2803 ad
906 2739 1040 2806 diversa
1065 2737 1273 2805 transtulisse
1293 2761 1352 2828 pro

197 2839 373 2929 explorato
399 2839 519 2906 habeo:
546 2838 739 2927 praesertim
765 2861 840 2905 cum
866 2841 964 2906 facile
982 2839 1095 2906 fraudi
1116 2864 1188 2907 esse
1208 2842 1354 2928 potuerit

199 2940 316 3009 Sullae
331 2942 535 3028 comparatio
550 2942 608 3028 qui
622 2941 664 3007 de
678 2940 829 3008 funerum
844 2964 973 3029 quoque
984 2953 1118 3031 sumptu
1129 2943 1249 3009 similia
1260 2964 1351 3030 prae-

198 3044 348 3131 scripsit:
365 3042 408 3110 cf.
425 3042 511 3109 Plut.
528 3042 609 3109 Sull.
626 3044 675 3113 35.
687 3046 746 3111 τὸν
762 3047 798 3111 δὲ
812 3049 870 3125 τῆς
884 3049 989 3128 ταφῆς
1004 3047 1155 3127 ὁρίζοντα
1171 3048 1232 3126 τὴν
1251 3047 1352 3111 δαπά-

198 3168 263 3229 νην
279 3146 383 3229 νόμον
399 3146 497 3213 αὐτὸ(
518 3142 729 3229 εἰεενηνοχὼ(
750 3148 875 3229 παρέβη
895 3150 1032 3229 μηδενὸς
1053 3149 1265 3229 ἀναλώματος
1285 3168 1353 3230 φει·

201 3253 352 3334 (άμενος.
758 3266 760 3269 ·

288 3352 342 3419 De
363 3351 552 3417 Pliniano
573 3351 708 3438 quidem
728 3350 800 3418 loco
816 3352 884 3419 VH
897 3352 955 3436 60,
971 3352 1035 3417 212
1050 3356 1132 3417 ‘XII
1144 3358 1251 3417 tarmis
1270 3367 1354 3417 ortas

200 3466 320 3521 tantum
336 3465 365 3519 et
377 3473 503 3519 macras
516 3459 724 3517 minantur:
734 3464 803 3533 post
817 3461 930 3533 aliquot
943 3474 1039 3518 annos
1049 3459 1184 3542 adiectas
1193 3468 1237 3518 ear
1247 3466 1275 3518 et
1288 3474 1353 3518 me-

201 3560 313 3623 ridies’
329 3556 395 3619 iam
410 3576 512 3641 supra
525 3554 629 3619 verba
643 3552 707 3645 ieci
722 3576 754 3640 p.
770 3555 823 3619 11:
840 3555 899 3621 ubi
914 3576 988 3620 cum
1002 3556 1037 3619 in
1047 3557 1164 3621 ceteris
1177 3555 1353 3621 manifesto

203 3668 354 3726 erratum
375 3658 434 3739 sit,
456 3678 497 3721 ne
512 3656 711 3723 vocabulum
727 3662 843 3721 ‘ertia’
859 3658 990 3745 quidem
1004 3656 1150 3745 —quod
1165 3656 1352 3723 Dirksenus

201 3784 269 3849 quo
284 3761 356 3827 iure
371 3784 403 3848 p.
418 3758 479 3825 169
490 3759 534 3825 ad
547 3760 564 3825 1
580 3760 598 3825 7
614 3757 745 3842 referat,
758 3759 829 3847 ipse
845 3760 968 3827 viderit
984 3800 1024 3808 —
1038 3760 1104 3828 fide
1120 3760 1200 3826 satis
1216 3759 1354 3847 dignum

203 3886 277 3931 esse
289 3862 524 3931 contenderim.
540 3862 656 3950 Neque
665 3860 706 3927 de
720 3862 831 3929 verbis
846 3862 918 3929 XII
934 3886 955 3929 a
968 3862 1111 3931 Servio
1125 3862 1257 3929 tradifis
1270 3870 1355 3928 ‘reve

201 3974 335 4033 adanam
356 3978 482 4044 repetem
506 3972 685 4047 petlercrr's'
707 3964 809 4049 (VIII
829 3967 864 4050 8)
887 3965 1087 4033 Gothofradi
1114 3964 1354 4032 dubitationem

202 4078 272 4135 tam
299 4067 397 4133 celeri
417 4068 501 4153 pade
527 4067 695 4134 transilire
716 4068 860 4136 debebat
879 4066 1080 4134 Dirksenus.
1117 4065 1203 4132 Nam
1223 4077 1355 4155 praeter

202 4164 310 4238 verb'a
331 4176 402 4250 ‘qut
416 4173 527 4249 frares
546 4176 747 4235 excantasa’
772 4170 910 4237 eandem
936 4170 1131 4235 sententiam
1152 4168 1258 4233 denuo
1279 4168 1353 4231 aliis

202 4272 316 4339 verbis
332 4292 525 4361 expressam
543 4272 646 4338 fuisse
660 4272 915 4360 haudquaquam
934 4270 1105 4358 probabile
1121 4281 1182 4336 est.
1214 4268 1354 4334 Accedit

205 4384 315 4440 autem
329 4375 582 4461 gravissimum,
599 4374 689 4462 quod
703 4396 864 4462 nusquam
885 4396 944 4460 per
963 4374 1045 4438 haec
1064 4370 1148 4458 legis
1169 4372 1355 4458 fragmenta

205 4476 267 4542 val·
280 4478 506 4545 coniunctivae
526 4477 693 4544 invenitur
718 4497 777 4563 pro
797 4476 994 4563 imperativo
1014 4474 1068 4542 vel
1088 4474 1192 4541 altera
1211 4496 1355 4561 persona

151 4606 161 4625 .
205 4598 265 4663 pro
280 4583 386 4647 tertia.
413 4582 529 4668 Itaque
543 4578 695 4645 Servium
711 4579 802 4645 cuius
818 4578 854 4645 in
868 4578 940 4664 lege
954 4576 1087 4644 citanda
1101 4576 1201 4642 fidem
1216 4577 1283 4641 iam
1298 4598 1353 4640 ex-

258 4688 377 4742 Schoen,
393 4690 457 4741 Legis
475 4690 514 4733 Xll
529 4693 573 4736 tab.
589 4690 650 4743 reliq.
1129 4682 1152 4745 4
