3409 5409
692 542 833 590 rssvna
854 541 929 589 vrrr.
1319 523 1378 591 151

317 699 347 762 2.
373 697 439 783 (IX
454 697 490 782 4)
512 697 711 783 Pomponius
729 694 752 761 l.
767 696 851 781 sing.
868 695 1001 761 Euchir.
1025 696 1069 761 D.
1088 698 1114 771 1,
1130 696 1161 779 2,
1176 696 1197 759 2
1212 699 1232 777 §
1248 695 1299 763 23.
1322 694 1380 760 ‘Et

233 800 326 887 qnia,
349 809 387 865 ut
408 798 569 880 diximus,
593 798 635 863 de
656 798 764 885 capite
785 797 867 863 ciuis
883 798 1022 865 Romani
1044 799 1170 865 iniussu
1185 795 1297 885 populi
1312 820 1379 863 non

232 912 303 966 eret
324 902 396 986 loge
418 902 613 987 permissum
636 900 827 966 oonsulibus
849 902 901 966 ius
925 900 1048 966 dicere:
1080 908 1254 991 propterea
1281 920 1378 985 quae-

232 1012 337 1069 stores
359 1003 646 1069 constituebantur
667 1024 687 1066 a
708 1002 846 1089 populo,
869 1002 926 1089 qui
948 1000 1147 1089 capitalibus
1163 1002 1262 1067 rebus
1284 1024 1376 1089 prae-

232 1113 356 1189 essent,
383 1104 416 1168 bi
438 1104 693 1192 appellabantur
717 1113 955 1191 quaestores
981 1102 1217 1191 parricidii,
1240 1124 1378 1189 quorum

230 1207 330 1273 etiam
350 1206 500 1272 meminit
518 1206 572 1272 lex
595 1205 769 1273 duodecim
789 1205 999 1272 tabularum’

316 1465 344 1528 1.
367 1481 427 1541 ov1
450 1480 574 1527 usuvu
597 1478 740 1526 CARMEN
763 1476 991 1528 rucsumssrr

312 1567 343 1631 2.
368 1566 473 1630 Gaius
489 1563 511 1628 l.
528 1562 576 1629 IV
598 1564 642 1628 ad
663 1562 770 1648 legem
786 1563 858 1629 XII
873 1562 1066 1641 tabularum.
1089 1562 1133 1627 D.
1148 1562 1201 1645 50,
1227 1562 1278 1645 16,
1301 1564 1374 1629 236.

228 1667 308 1748 ‘Qui
329 1675 523 1731 uone'num
546 1664 637 1746 dicit,
659 1665 803 1730 adiicere
821 1665 930 1747 debet,
952 1674 1063 1730 utrum
1085 1663 1231 1729 malum
1253 1687 1295 1729 an
1317 1665 1373 1731 bo-

227 1791 320 1833 num:
336 1774 461 1833 namet
475 1766 716 1833 medicamenta
730 1788 859 1833 uenena
873 1776 964 1849 sunt,
986 1766 1063 1853 quia
1077 1789 1116 1843 eo
1131 1766 1263 1833 nomine
1278 1788 1373 1833 omne

227 1870 413 1935 continetur
440 1870 527 1957 quod
548 1868 734 1935 adhibitum
760 1879 913 1935 naturam
940 1868 1011 1933 eius
1037 1868 1092 1933 cui
1117 1866 1301 1937 adhibitum
1323 1877 1374 1934 est

226 1978 355 2037 mutat!

702 2091 783 2154 ³⁸27.
808 2089 891 2175 (26.)

308 2192 445 2259 Porcius
466 2193 568 2259 Latro
590 2188 790 2279 personatus
798 2190 936 2256 declam.
959 2192 993 2255 in
1014 2190 1111 2257 Catil.
1135 2192 1184 2256 19.
1208 2190 1371 2259 ‘Primum

224 2293 397 2363 duodecim
420 2292 541 2360 tabulis
563 2303 696 2359 cautum
718 2315 791 2357 esse
813 2292 1051 2377 cognoscimus,
1074 2316 1116 2359 ue
1138 2294 1211 2381 quis
1234 2294 1267 2358 in
1289 2296 1371 2360 urbe

224 2407 336 2461 coetus
359 2406 534 2462 nocturnos
559 2396 723 2482 agitaret?

223 2703 314 2739 errore
333 2704 368 2738 erc
385 2690 576 2753 inscriptiomnn
591 2688 778 2752 pernoctatione
796 2689 844 2751 lep.
866 2690 880 2735 1
898 2692 923 2737 et
941 2690 958 2736 2
976 2694 1048 2737 orto:
1073 2689 1105 2739 de
1122 2704 1173 2753 qua
1189 2704 1219 2738 re
1243 2690 1278 2753 cs.
1295 2688 1369 2755 Hoff-

221 2779 293 2823 terns
314 2774 340 2822 tn
358 2772 427 2823 ritae.
448 2774 520 2826 risen.
545 2775 593 2825 iar.
612 2772 647 2821 Il
665 2774 718 2821 183
733 2770 785 2838 sq.)
810 2772 852 2822 Io.
873 2771 966 2837 Lydus
990 2770 1026 2822 de
1050 2770 1174 2837 magistr.
1197 2774 1211 2824 1
1233 2775 1266 2825 26
1290 2772 1368 2827 Γάιοτ

220 2852 319 2907 τοίνυν
338 2855 354 2907 ὁ
372 2854 486 2919 νομικὸς
506 2855 596 2921 ἐντῷ
615 2853 832 2920 ἐπιγραφομένῳ
851 2855 924 2921 παρ’
943 2853 1033 2907 abaco
1052 2856 1088 2905 ad
1106 2856 1195 2923 legem
1215 2858 1268 2909 XII
1286 2858 1365 2910 tabu·

221 2938 318 3001 laram,
337 2938 398 2993 οῖον
417 2937 457 2993 εἰ(
473 2939 527 2992 τὸν
546 2939 636 3003 νόμον
653 2940 706 2991 τοῦ
724 2939 959 3006 δυοδεκαδὲλτου,
979 2938 1076 2993 αὐτοῖς
1088 2938 1188 3006 ῥήματι
1202 2941 1273 3007 πρὸ(
1286 2942 1367 3009 ἐρμη·

222 3022 301 3077 νείαν
318 3027 409 3077 ταῦτα
427 3022 523 3090 φητίν·
543 3063 651 3076 .....
666 3024 763 3089 ἐπειδὴ
782 3022 813 3077 δὲ
830 3026 896 3090 περί
914 3026 1067 3091 κεφολικῆε
1085 3024 1218 3090 τιμωρία(
1237 3026 1290 3079 οὐκ
1301 3027 1367 3094 ἐξῆν

220 3113 282 3161 τοῖς
299 3108 413 3174 ἄρχουςι
431 3109 502 3163 κατὰ
514 3107 653 3171 Ῥωμαίου
666 3107 785 3161 πολίτου
802 3106 987 3175 papiensem,
1006 3108 1221 3177 προεβλήθηταν
1233 3109 1366 3165 κυαίττω-

222 3208 270 3259 pec
294 3191 474 3259 παρρίκίδιοι,
497 3192 600 3247 oravet
624 3194 715 3259 κριταί
738 3195 784 3246 καί
806 3194 930 3247 δικατταί
956 3197 1017 3247 τῶν
1044 3192 1162 3249 neutrae
1190 3194 1365 3250 ἀνελόντων.

220 3280 322 3329 Festus
339 3296 365 3344 p.
387 3282 436 3331 268
454 3281 491 3330 Μ.
510 3280 691 3341 ‘Quaestores
711 3279 886 3344 (dicebantur
904 3280 951 3345 qui
969 3286 1136 3345 quaererent
1155 3282 1189 3332 de
1208 3282 1301 3346 rebus)
1321 3301 1365 3335 ca-

220 3362 364 3428 pitalibus,
383 3365 455 3414 uude
475 3364 576 3427 (eidem
595 3365 679 3415 etiam
699 3362 737 3430 [iu
749 3361 814 3429 XII]
834 3370 997 3429 quaestores
1015 3364 1159 3430 parrilc'idi
1177 3366 1365 3431 appellantur'

220 3448 260 3513 (in
269 3449 323 3500 XII
331 3452 416 3514 suppl.
429 3450 545 3512 Gothosr.
559 3451 585 3499 in
596 3447 666 3513 loc).
681 3448 716 3499 ci.
727 3448 830 3499 Paulus
841 3464 899 3501 exc.
911 3465 944 3499 ex
953 3450 1037 3499 Festo
1050 3466 1075 3514 p.
1083 3450 1131 3500 221
1142 3450 1179 3503 M.
1193 3450 1363 3517 ‘ParricI(di)

223 3538 384 3598 quaestores
404 3534 621 3599 appellabantur
643 3536 690 3599 qui
715 3534 846 3584 solebant
867 3532 956 3584 creari
981 3548 1067 3583 causa
1089 3548 1177 3584 rerum
1200 3536 1365 3600 capitalium

220 3618 446 3681 quaerendarum.
482 3618 551 3668 Nam
575 3618 716 3685 parricida
741 3634 795 3669 non
818 3619 915 3683 utique
933 3618 957 3667 ie
981 3618 1028 3685 qui
1051 3622 1195 3684 parentem
1213 3621 1364 3673 occidisset

219 3702 375 3766 dicebatur,
396 3704 444 3754 aed
463 3703 682 3769 qualemcunque
700 3704 837 3754 hominem
855 3702 1051 3756 indemnatum.
1085 3704 1130 3755 Ite
1152 3704 1238 3757 fuisse
1256 3706 1372 3775 iudicat,

218 3786 274 3837 lex
290 3788 415 3837 Numae
434 3788 564 3853 Pompilii
585 3790 674 3855 regis,
693 3790 736 3841 bis
755 3790 909 3856 compostis
926 3790 1034 3843 uerbis:
1058 3790 1103 3840 ‘si
1121 3790 1177 3855 qui
1196 3790 1363 3844 hominem

218 3870 362 3921 liberum
382 3872 459 3922 dolo
478 3874 594 3924 sciens
612 3875 711 3925 morti
729 3874 816 3939 duit,
834 3875 1029 3940 parricidas
1048 3879 1141 3926 ceto!

285 3974 328 4023 26.
345 3972 455 4023 Plinius
473 3975 505 4024 N.
523 3976 559 4025 H.
578 3976 698 4026 XXVIII
715 3979 745 4039 4,
765 3978 796 4027 17
823 3976 931 4040 ‘Quid‘t
958 3992 1012 4028 non
1031 3984 1060 4028 et
1078 3976 1168 4043 legum
1187 3980 1309 4044 ipsarum
1332 3982 1362 4029 in

218 4056 271 4107 XII
285 4057 389 4108 tabulis
407 4058 494 4109 uerba
512 4065 577 4109 suut
597 4056 642 4126 [ir.
655 4060 681 4127 I]
700 4066 728 4111 et
746 4060 814 4112 alibi
832 4062 906 4127 ‘qui
924 4098 932 4115 .
950 4098 957 4113 .
976 4066 994 4115 .’
1017 4062 1054 4113 ci.
1072 4062 1109 4117 id.
1122 4064 1200 4114 XXX
1219 4067 1243 4129 1,
1263 4066 1294 4116 12
1314 4066 1360 4116 cit.

218 4141 254 4191 ad
273 4144 299 4195 7.

283 4242 345 4295 *21
366 4244 402 4297 ο1.
415 4245 513 4295 Liuius
525 4248 567 4304 39,
583 4248 614 4296 15
632 4250 641 4276 ‘
648 4246 768 4298 Maiores
785 4248 886 4313 uestri,
905 4264 940 4299 ne
952 4264 1002 4301 nos
1016 4248 1126 4315 quidem
1139 4286 1145 4301 .
1160 4288 1186 4301 ..
1203 4290 1210 4306 .
1228 4251 1299 4303 torte
1318 4254 1362 4303 te-

216 4344 291 4380 mere
311 4330 384 4381 coire
402 4330 570 4380 uoluerunt.'

215 4482 420 4492 ——m—-n

233 4554 238 4561 ³
302 4588 351 4647 26.
373 4590 533 4647 incantassit
555 4552 631 4646 Voss.
647 4607 694 4680 pr.
712 4590 850 4650 thcord.
863 4609 930 4667 pn:
945 4595 1175 4663 inmutassetuctt.
