3409 5409
326 518 368 589 26
744 529 856 586 csrvr
878 536 1054 585 sarssvu.

314 692 456 784 ¹(Cicero
471 692 562 758 Lael.
578 690 627 776 l.).
662 693 734 757 Iam
754 692 837 778 legis
857 690 1159 777 interpretationem
1180 688 1280 754 Acilii
1300 687 1477 775 probabile

326 806 456 861 estnon
469 794 608 859 multum
623 794 790 861 diversam
805 793 847 859 ab
863 792 951 859 Aelii
964 791 1082 858 fuisse:
1100 790 1193 856 cuius
1210 812 1284 856 eum
1299 788 1476 878 aequalem

325 896 472 983 intellegi
491 898 666 963 coniuncta
686 896 855 982 utriusque
877 906 909 962 et
929 893 1017 982 apud
1036 894 1255 979 Pomponium
1269 902 1303 958 et
1317 903 1354 959 ut
1369 898 1474 959 ‘vete-

324 1021 398 1066 rum
411 1000 641 1087 interpretum’
656 999 745 1087 apud
760 998 952 1065 Ciceronem
965 996 1086 1062 mentio
1101 994 1287 1083 persuadet.

389 1103 462 1167 Iam
473 1102 685 1169 veteribus
697 1100 933 1188 interpretibus
943 1100 1059 1166 Cicero
1071 1095 1473 1187 opponitL.Aelium¹)‚

326 1204 453 1270 scilicet
470 1202 666 1271 Stilonem
677 1204 913 1270 Praeconinum
924 1202 1018 1267 illum
1023 1201 1235 1267 Lanuvinum
1245 1200 1476 1285 grammatico-

325 1328 398 1372 rum
413 1306 596 1373 studiorum
612 1311 797 1389 auctorem,
820 1328 916 1394 quem
936 1306 1088 1371 novimus
1108 1304 1152 1369 ad
1173 1300 1383 1389 disciplinam
1397 1324 1474 1389 pro·
1521 1318 1526 1323 ·
1562 1390 1569 1397 ι

325 1408 511 1476 vehendam
533 1409 762 1497 antiquissima
781 1408 913 1495 linguae
933 1416 1145 1473 monumenta
1164 1405 1408 1472 commentariis
1423 1406 1475 1469 in·

327 1512 499 1578 struxisse.
537 1510 640 1577 Cuius
662 1534 704 1577 ex
724 1511 995 1599 interpretatione
1010 1508 1091 1594 legis
1107 1516 1238 1596 praeter
1253 1507 1401 1573 ‘lessum’
1416 1530 1473 1573 ex·

326 1612 485 1700 plicatum
495 1614 615 1679 hausta
625 1622 675 1679 est
685 1613 778 1679 Festi
791 1613 901 1699 glossa
911 1611 955 1677 ad
966 1613 1142 1677 ‘sonticum
1153 1611 1316 1678 morbum’
1328 1608 1472 1697 p.290.²)

326 1704 430 1802 Atqui
446 1715 485 1780 de
501 1716 571 1781 eius
587 1716 713 1782 ratione
729 1726 762 1781 ct
776 1715 886 1781 indole
908 1715 938 1779 si
958 1714 1162 1802 quaerimus,
1187 1713 1223 1778 in
1240 1712 1473 1799 gravissimam

326 1818 583 1883 controversiam
604 1839 643 1884 ac
663 1818 879 1883 multifariam
899 1826 1054 1884 vexatam
1073 1816 1248 1882 incidimus
1263 1837 1349 1903 quae
1364 1822 1415 1879 est
1429 1812 1472 1878 dc

324 1918 429 1985 Aeliis
444 1918 712 1985 internoscendis.
742 1919 826 1985 Nam
848 1942 923 1985 cum
942 1928 1075 2007 praeter
1095 1916 1128 1983 S.
1145 1917 1277 1984 Aelium
1298 1928 1331 1983 et
1350 1916 1391 1981 L.
1407 1918 1471 1981 Ae

325 2020 405 2085 lium
421 2022 521 2087 etiam
536 2020 573 2087 0.
590 2020 678 2087 Aelii
693 2020 784 2089 Galli
804 2024 860 2110 qui
880 2022 1013 2108 scripsit
1032 2022 1074 2087 de
1095 2020 1336 2106 significatione
1355 2019 1471 2084 verbo-

325 2145 399 2187 rum
420 2142 504 2211 quae
525 2124 568 2188 ad
590 2127 641 2190 ius
668 2123 764 2190 civile
788 2125 969 2213 pertinent,
994 2122 1083 2209 apud
1108 2123 1241 2187 Festum
1267 2131 1301 2187 et
1325 2120 1470 2187 Gellium

325 2234 415 2291 extet
429 2226 635 2313 memoriae:
653 2248 671 2292 e
686 2224 846 2293 librorum
861 2225 978 2291 similis
995 2247 1093 2312 saepe
1108 2225 1293 2311 argumenti
1308 2222 1387 2311 quid
1404 2224 1471 2289 cui-

392 2450 412 2517 ¹)
432 2452 475 2503 ‘L.
489 2450 599 2505 Aelius’.
614 2453 668 2503 isto
685 2450 748 2504 loco
765 2451 888 2503 Turnebi
906 2450 1014 2503 demum
1033 2448 1225 2502 emendatione
1244 2464 1322 2500 snum
1339 2449 1471 2501 honorem

324 2540 424 2589 nactus
444 2542 499 2603 est,
521 2552 582 2588 oum
599 2538 628 2587 in
645 2536 724 2587 libris
742 2538 779 2588 sit
796 2536 933 2588 ‘Laelius‘
950 2563 986 2574 -
1003 2536 1143 2603 frequenti
1165 2534 1291 2587 codicum
1314 2534 1412 2586 mendo
1431 2534 1469 2586 ci.

324 2621 424 2673 Cicero
442 2621 476 2673 de
495 2639 534 2675 or.
551 2624 565 2674 1
583 2623 625 2684 62,
643 2623 701 2675 265.
719 2621 826 2673 Plinius
843 2622 910 2671 xlv
926 2624 959 2673 112
978 2637 1023 2670 —r
1044 2620 1117 2673 unde
1141 2624 1205 2687 post
1227 2620 1299 2673 alios
1316 2620 1472 2671 Dirlssenns

324 2722 431 2775 quoque
448 2724 475 2773 p.
491 2710 534 2771 12,
553 2708 699 2759 Pernicies
718 2706 831 2772 Encycl.
849 2706 916 2757 Hal.
935 2704 989 2757 vol.
1002 2709 1035 2759 28
1053 2724 1081 2773 p.
1094 2708 1158 2771 321,
1177 2706 1300 2757 Wiesius
1318 2704 1352 2757 de
1364 2706 1401 2756 M.
1414 2705 1472 2756 Va·
1574 2741 1579 2747 -

325 2792 395 2844 lerio
412 2792 547 2843 Messalla
565 2809 591 2859 p.
606 2795 638 2845 75
656 2794 751 2843 nescio
770 2806 848 2858 quem
861 2790 988 2842 Laelium
1006 2793 1036 2841 in
1048 2792 1102 2842 XII
1114 2791 1192 2845 tabb.
1209 2791 1410 2857 interpretibus
1428 2806 1470 2841 rc·

324 2878 425 2930 serunt.
461 2878 519 2929 Nec
537 2878 627 2929 tenuit
643 2878 695 2929 hoc
714 2878 759 2943 qui
777 2891 923 2943 perperam
939 2876 971 2926 L.
990 2877 1146 2943 nuncupari
1162 2892 1212 2941 pro
1231 2876 1259 2929 S.
1276 2874 1357 2927 Aelio
1376 2876 1471 2942 opina-

324 2968 369 3014 tus
387 2967 431 3013 est
448 2962 607 3014 Vaassenus
625 2963 714 3015 Anim.
734 2960 768 3012 ad
787 2961 853 3015 fast.
872 2977 898 3027 p.
911 2962 969 3013 223.
999 2960 1169 3013 Rudorflium
1186 2977 1253 3019 vero
1271 2962 1368 3011 mirum
1387 2976 1472 3027 quan·

324 3054 381 3099 tum
400 3047 472 3098 ratio
491 3046 594 3099 leiellit
612 3060 672 3098 cum
685 3048 718 3101 L.
731 3044 822 3098 Acilio
835 3046 868 3099 L.
881 3045 989 3097 Aelium
1002 3046 1216 3099 confundentem
1228 3047 1264 3100 Η.
1277 3048 1295 3096 1.
1308 3062 1330 3097 r.
1343 3047 1358 3097 I
1369 3062 1395 3112 p.
1409 3048 1469 3115 261.

325 3133 452 3185 Ceterum
470 3133 504 3185 de
520 3132 595 3185 Aelii
612 3136 708 3185 astate
727 3134 838 3198 praeter
856 3130 927 3182 alios
945 3130 1087 3183 adeundus
1107 3138 1149 3184 est
1166 3131 1336 3184 Ritscbelius
1353 3132 1469 3196 Parerg.

324 3221 338 3271 I
356 3236 383 3285 p.
394 3221 453 3281 ,239
471 3218 508 3270 ci.
526 3218 616 3284 praef.
634 3216 700 3269 XXI
719 3218 766 3283 qui
785 3230 846 3268 eum
863 3215 971 3268 Lucilio
995 3218 1071 3269 circa
1095 3234 1119 3269 a
1137 3217 1198 3270 100
1217 3223 1282 3269 nato
1304 3232 1359 3269 non
1382 3216 1470 3268 multo

325 3305 458 3355 minorem
476 3304 563 3357 fuisse
582 3302 698 3369 colligit.

391 3387 412 3451 ²)
430 3388 500 3439 Nam
518 3388 588 3454 quod
605 3386 755 3439 Lerschius
774 3386 879 3439 Philas.
897 3387 1010 3453 linguae
1027 3392 1083 3439 vet
1101 3388 1145 3438 111
1162 3404 1188 3453 p.
1204 3388 1253 3438 116
1265 3404 1305 3454 sq.
1325 3387 1468 3440 contendit

324 3474 509 3542 probavitque
528 3472 738 3525 (iraefenhanio
756 3472 830 3524 ilist.
848 3472 916 3539 phil.
928 3474 957 3525 11
974 3490 1000 3539 p.
1013 3474 1076 3534 336,
1096 3488 1285 3539 quaecumque
1303 3474 1377 3524 Aelii
1396 3472 1470 3539 glos·

233 3622 236 3629 ²
324 3576 373 3611 sse
391 3558 594 3625 etymologicus
608 3556 681 3623 apud
693 3558 843 3611 Varronem
856 3558 971 3610 Festum
985 3557 1054 3610 alios
1068 3558 1205 3620 feruntur,
1225 3574 1320 3610 omnes
1339 3574 1373 3609 ex
1391 3558 1471 3610 illius

323 3646 354 3695 in
378 3644 515 3697 Saliorum
539 3644 664 3695 earmina
687 3647 770 3707 atque
792 3644 820 3693 in
839 3643 894 3693 ΧΠ
911 3643 1022 3695 tabulas
1045 3643 1250 3695 commentariis
1273 3644 1372 3695 ductas
1397 3658 1470 3707 esse,

324 3744 435 3797 prorsus
454 3733 532 3781 caret
548 3728 648 3781 idoneo
667 3728 844 3781 fundamento
863 3746 898 3779 ex
915 3730 985 3795 ipsis
1002 3728 1146 3781 vocabulis
1163 3728 1301 3796 expeditis
1323 3745 1395 3796 quse
1411 3744 1470 3779 ma·

324 3816 425 3867 rimam
448 3818 554 3881 partem
578 3813 665 3865 alieni
689 3816 845 3881 argumenti
868 3820 932 3865 sunt
953 3813 1113 3880 repetendo.
1154 3815 1191 3865 Et
1218 3814 1414 3867 conferendum
1436 3814 1471 3866 de

324 3901 400 3953 illius
423 3899 661 3965 interpretationis
684 3914 786 3968 genere
804 3900 937 3951 Varronis
959 3899 1090 3949 iudicium
1107 3898 1142 3950 de
1160 3898 1179 3949 l.
1199 3900 1217 3952 l.
1236 3900 1289 3950 VII
1306 3902 1331 3951 2.
1367 3901 1469 3964 Quam·

325 4000 405 4053 quam
425 4000 460 4036 ns
478 3983 512 4035 de
531 3986 703 4048 ‘etymorum’
723 3985 832 4052 quidem
850 3984 910 4037 sive
927 3984 974 4036 ‘de
997 3984 1105 4050 origine
1122 3985 1279 4037 verborum‘
1298 3984 1378 4036 libris
1402 4000 1470 4052 quos

324 4071 374 4123 alii
402 4072 529 4121 statuunt
556 4068 702 4138 quidquam
730 4075 849 4123 constat.
895 4070 1014 4122 Omnino
1038 4068 1251 4137 haudquaquam
1277 4071 1371 4124 omnis
1396 4084 1470 4135 quse

324 4155 403 4207 Aelio
422 4154 579 4205 tribuuntur
597 4154 632 4206 ab
650 4156 710 4221 ipso
728 4158 785 4208 iam
802 4156 905 4207 litteris
923 4154 1057 4206 mandata
1075 4155 1177 4220 luisse,
1200 4156 1249 4207 sed
1267 4152 1290 4207 'a
1314 4154 1469 4223 disscipulis,

324 4241 448 4291 Varrone
466 4238 597 4305 maxime,
617 4256 650 4292 ex
668 4242 810 4293 auditione
822 4241 929 4293 tradita
946 4241 1010 4307 ipsa
1021 4240 1153 4293 Varronis
1171 4244 1201 4292 in
1220 4240 1332 4293 citando
1344 4241 1467 4293 variatio

324 4324 444 4377 indicat:
464 4324 565 4377 ‘Aelius
581 4327 686 4378 seddit'
705 4328 729 4378 V
749 4328 789 4378 18.
807 4328 850 4378 21.
869 4327 911 4378 26.
935 4326 982 4376 1Α.
1002 4326 1118 4378 dicedct’
1138 4328 1163 4379 V
1180 4328 1222 4378 66.
1242 4329 1299 4381 101.
1324 4327 1362 4377 VI
1380 4329 1404 4380 7.
1431 4326 1469 4378 ci.

325 4408 359 4461 de
377 4425 398 4460 r.
417 4426 438 4464 r.
457 4410 500 4463 111
520 4413 559 4464 13.
578 4410 686 4463 Gellius
703 4412 716 4461 I
735 4413 775 4463 18.
1352 4469 1361 4485 .

392 4493 413 4560 ⁸)
432 4495 511 4548 Mera
529 4501 621 4549 autem
638 4497 800 4548 conlectura
817 4511 909 4562 neque
928 4512 962 4547 ea
978 4497 1119 4563 probabili
1136 4497 1253 4549 effectus
1272 4496 1359 4551 estc.
1374 4494 1478 4551 delius.

325 4579 396 4632 stilo
414 4598 447 4632 ex
464 4582 596 4634 Varronis
614 4582 735 4634 lectione
754 4579 900 4635 Cornelius
918 4582 990 4636 Stilo
1007 4582 1041 4637 de
1059 4582 1079 4633 l.
1097 4582 1117 4634 l.
1136 4580 1161 4633 V
1179 4582 1229 4638 ue
1251 4587 1280 4636 st
1304 4584 1368 4635 loos
1391 4583 1470 4635 cuius
