<?xml version="1.0" encoding="UTF-8"?>
<!DOCTYPE html PUBLIC "-//W3C//DTD XHTML 1.0 Transitional//EN"
    "http://www.w3.org/TR/xhtml1/DTD/xhtml1-transitional.dtd">
<html xmlns="http://www.w3.org/1999/xhtml" xml:lang="en" lang="en">
 <head>
  <title>
</title>
<meta http-equiv="Content-Type" content="text/html;charset=utf-8" />
  <meta name='ocr-system' content='tesseract 3.04.00' />
  <meta name='ocr-capabilities' content='ocr_page ocr_carea ocr_par ocr_line ocrx_word'/>
</head>
<body>
  <div class='ocr_page' id='page_1' title='image "./legisdvodecimta01schgoog_0035.png"; bbox 0 0 3409 5409; ppageno 0'>
   <div class='ocr_carea' id='block_1_1' title="bbox 392 480 1102 550">
    <p class='ocr_par' dir='ltr' id='par_1_1' title="bbox 392 480 1102 550">
     <span class='ocr_line' id='line_1_1' title="bbox 392 480 1102 550; baseline 0.008 -6"><span class='ocrx_word' id='word_1_1' title='bbox 392 480 429 545; x_wconf 89' lang='lat'>18</span> <span class='ocrx_word' id='word_1_2' title='bbox 625 496 626 501; x_wconf 71' lang='grc'>’</span> <span class='ocrx_word' id='word_1_3' title='bbox 819 498 932 547; x_wconf 77' lang='lat' dir='ltr'>cervr</span> <span class='ocrx_word' id='word_1_4' title='bbox 955 500 1102 550; x_wconf 81' lang='lat' dir='ltr'>raruvu.</span> 
     </span>
    </p>
   </div>
   <div class='ocr_carea' id='block_1_2' title="bbox 383 633 1554 1355">
    <p class='ocr_par' dir='ltr' id='par_1_2' title="bbox 383 633 1554 1355">
     <span class='ocr_line' id='line_1_2' title="bbox 472 633 1554 746; baseline 0.008 -29"><span class='ocrx_word' id='word_1_5' title='bbox 472 651 623 718; x_wconf 83' lang='lat' dir='ltr'>Ceterum</span> <span class='ocrx_word' id='word_1_6' title='bbox 638 660 675 717; x_wconf 88' lang='lat' dir='ltr'>ut</span> <span class='ocrx_word' id='word_1_7' title='bbox 689 650 772 738; x_wconf 87' lang='lat' dir='ltr'>legis</span> <span class='ocrx_word' id='word_1_8' title='bbox 787 652 963 738; x_wconf 86' lang='lat' dir='ltr'>memoria,</span> <span class='ocrx_word' id='word_1_9' title='bbox 984 654 1032 718; x_wconf 91' lang='lat' dir='ltr'>ita</span> <span class='ocrx_word' id='word_1_10' title='bbox 1044 653 1196 719; x_wconf 85' lang='lat' dir='ltr'>studium</span> <span class='ocrx_word' id='word_1_11' title='bbox 1217 678 1347 744; x_wconf 93' lang='lat' dir='ltr'>quoque</span> <span class='ocrx_word' id='word_1_12' title='bbox 1367 633 1512 746; x_wconf 87' lang='lat' dir='ltr'>proprie</span> <span class='ocrx_word' id='word_1_13' title='bbox 1530 683 1554 725; x_wconf 91' lang='lat' dir='ltr'>a</span> 
     </span>
     <span class='ocr_line' id='line_1_3' title="bbox 385 752 1550 845; baseline 0.008 -28"><span class='ocrx_word' id='word_1_14' title='bbox 385 752 618 821; x_wconf 89' lang='lat' dir='ltr'>iureconsultis</span> <span class='ocrx_word' id='word_1_15' title='bbox 640 756 675 819; x_wconf 92' lang='lat' dir='ltr'>in</span> <span class='ocrx_word' id='word_1_16' title='bbox 697 778 768 820; x_wconf 89' lang='lat' dir='ltr'>eam</span> <span class='ocrx_word' id='word_1_17' title='bbox 784 753 942 821; x_wconf 88' lang='lat' dir='ltr'>collatum</span> <span class='ocrx_word' id='word_1_18' title='bbox 956 756 1035 820; x_wconf 92' lang='lat' dir='ltr'>dum</span> <span class='ocrx_word' id='word_1_19' title='bbox 1048 757 1154 841; x_wconf 84' lang='lat' dir='ltr'>magis</span> <span class='ocrx_word' id='word_1_20' title='bbox 1169 758 1340 845; x_wconf 87' lang='lat' dir='ltr'>magisque</span> <span class='ocrx_word' id='word_1_21' title='bbox 1355 763 1550 844; x_wconf 86' lang='lat' dir='ltr'>evanescit,</span> 
     </span>
     <span class='ocr_line' id='line_1_4' title="bbox 385 855 1549 950; baseline 0.009 -33"><span class='ocrx_word' id='word_1_22' title='bbox 385 855 419 919; x_wconf 91' lang='lat' dir='ltr'>in</span> <span class='ocrx_word' id='word_1_23' title='bbox 438 856 617 944; x_wconf 87' lang='lat' dir='ltr'>provinciis</span> <span class='ocrx_word' id='word_1_24' title='bbox 638 857 877 945; x_wconf 75' lang='lat' dir='ltr'><strong>aliquantisper</strong></span> <span class='ocrx_word' id='word_1_25' title='bbox 896 866 1093 923; x_wconf 90' lang='lat' dir='ltr'>remoratum</span> <span class='ocrx_word' id='word_1_26' title='bbox 1108 880 1180 924; x_wconf 89' lang='lat' dir='ltr'>esse</span> <span class='ocrx_word' id='word_1_27' title='bbox 1194 860 1337 926; x_wconf 89' lang='lat' dir='ltr'>videtur.</span> <span class='ocrx_word' id='word_1_28' title='bbox 1368 860 1456 926; x_wconf 86' lang='lat' dir='ltr'>Nam</span> <span class='ocrx_word' id='word_1_29' title='bbox 1472 884 1549 950; x_wconf 91' lang='lat' dir='ltr'>quc</span> 
     </span>
     <span class='ocr_line' id='line_1_5' title="bbox 384 950 1548 1047; baseline 0.007 -25"><span class='ocrx_word' id='word_1_30' title='bbox 384 966 532 1046; x_wconf 89' lang='lat' dir='ltr'>tempore</span> <span class='ocrx_word' id='word_1_31' title='bbox 547 956 722 1026; x_wconf 86' lang='lat' dir='ltr'>Salvianus</span> <span class='ocrx_word' id='word_1_32' title='bbox 738 960 955 1025; x_wconf 79' lang='lat' dir='ltr'>Massiliensis</span> <span class='ocrx_word' id='word_1_33' title='bbox 977 958 1018 1025; x_wconf 91' lang='lat' dir='ltr'>de</span> <span class='ocrx_word' id='word_1_34' title='bbox 1033 950 1298 1046; x_wconf 80' lang='lat' dir='ltr'>Carthaginiensi</span> <span class='ocrx_word' id='word_1_35' title='bbox 1319 960 1403 1047; x_wconf 86' lang='lat' dir='ltr'>legis</span> <span class='ocrx_word' id='word_1_36' title='bbox 1424 985 1548 1029; x_wconf 87' lang='lat' dir='ltr'>exem·</span> 
     </span>
     <span class='ocr_line' id='line_1_6' title="bbox 383 1059 1548 1150; baseline 0.007 -27"><span class='ocrx_word' id='word_1_37' title='bbox 383 1059 468 1147; x_wconf 89' lang='lat' dir='ltr'>plari</span> <span class='ocrx_word' id='word_1_38' title='bbox 495 1070 650 1143; x_wconf 70' lang='lat' dir='ltr'>metatur,</span> <span class='ocrx_word' id='word_1_39' title='bbox 676 1060 790 1127; x_wconf 91' lang='lat' dir='ltr'>eodem</span> <span class='ocrx_word' id='word_1_40' title='bbox 810 1062 955 1137; x_wconf 84' lang='lat' dir='ltr'>Leonem</span> <span class='ocrx_word' id='word_1_41' title='bbox 980 1062 1143 1150; x_wconf 78' lang='lat' dir='ltr'><strong>quendam</strong></span> <span class='ocrx_word' id='word_1_42' title='bbox 1168 1072 1203 1128; x_wconf 93' lang='lat' dir='ltr'>et</span> <span class='ocrx_word' id='word_1_43' title='bbox 1220 1063 1482 1132; x_wconf 77' lang='lat' dir='ltr'>iureconsultum</span> <span class='ocrx_word' id='word_1_44' title='bbox 1508 1077 1548 1131; x_wconf 88' lang='lat' dir='ltr'>et</span> 
     </span>
     <span class='ocr_line' id='line_1_7' title="bbox 384 1163 1543 1253; baseline 0.004 -25"><span class='ocrx_word' id='word_1_45' title='bbox 384 1172 517 1247; x_wconf 91' lang='lat' dir='ltr'>poetam</span> <span class='ocrx_word' id='word_1_46' title='bbox 531 1163 687 1229; x_wconf 84' lang='lat' dir='ltr'><strong>Narbone</strong></span> <span class='ocrx_word' id='word_1_47' title='bbox 700 1164 770 1229; x_wconf 92' lang='lat' dir='ltr'>XII</span> <span class='ocrx_word' id='word_1_48' title='bbox 785 1164 915 1231; x_wconf 90' lang='lat' dir='ltr'>tabulas</span> <span class='ocrx_word' id='word_1_49' title='bbox 932 1164 1117 1253; x_wconf 89' lang='lat' dir='ltr'>docuisse¹)</span> <span class='ocrx_word' id='word_1_50' title='bbox 1133 1187 1177 1231; x_wconf 85' lang='lat' dir='ltr'>ex</span> <span class='ocrx_word' id='word_1_51' title='bbox 1184 1164 1312 1231; x_wconf 89' lang='lat' dir='ltr'>Sidonii</span> <span class='ocrx_word' id='word_1_52' title='bbox 1324 1164 1543 1253; x_wconf 78' lang='lat' dir='ltr'>Apollinaris</span> 
     </span>
     <span class='ocr_line' id='line_1_8' title="bbox 384 1262 1409 1355; baseline 0.004 -26"><span class='ocrx_word' id='word_1_53' title='bbox 384 1262 491 1349; x_wconf 84' lang='lat' dir='ltr'>elogio</span> <span class='ocrx_word' id='word_1_54' title='bbox 506 1263 672 1331; x_wconf 87' lang='lat' dir='ltr'>Narbouis</span> <span class='ocrx_word' id='word_1_55' title='bbox 688 1266 802 1354; x_wconf 85' lang='lat' dir='ltr'>(carm.</span> <span class='ocrx_word' id='word_1_56' title='bbox 820 1266 960 1352; x_wconf 87' lang='lat' dir='ltr'>XXIII)</span> <span class='ocrx_word' id='word_1_57' title='bbox 977 1268 1195 1353; x_wconf 76' lang='lat' dir='ltr'>comperimus</span> <span class='ocrx_word' id='word_1_58' title='bbox 1210 1292 1243 1334; x_wconf 87' lang='lat' dir='ltr'>v.</span> <span class='ocrx_word' id='word_1_59' title='bbox 1258 1268 1322 1333; x_wconf 83' lang='lat'>446</span> <span class='ocrx_word' id='word_1_60' title='bbox 1338 1290 1409 1355; x_wconf 86' lang='lat' dir='ltr'>sqq.</span> 
     </span>
    </p>
   </div>
   <div class='ocr_carea' id='block_1_3' title="bbox 667 1424 1215 1809">
    <p class='ocr_par' dir='ltr' id='par_1_3' title="bbox 667 1424 1215 1809">
     <span class='ocr_line' id='line_1_9' title="bbox 669 1424 1197 1501; baseline 0.002 -18"><span class='ocrx_word' id='word_1_61' title='bbox 669 1426 729 1483; x_wconf 77' lang='lat' dir='ltr'>sive</span> <span class='ocrx_word' id='word_1_62' title='bbox 744 1426 788 1485; x_wconf 85' lang='lat' dir='ltr'>cd</span> <span class='ocrx_word' id='word_1_63' title='bbox 801 1426 960 1501; x_wconf 79' lang='lat' dir='ltr'>doctiloqui</span> <span class='ocrx_word' id='word_1_64' title='bbox 971 1424 1079 1486; x_wconf 78' lang='lat' dir='ltr'>Leonis</span> <span class='ocrx_word' id='word_1_65' title='bbox 1093 1424 1197 1499; x_wconf 82' lang='lat' dir='ltr'>aedes,</span> 
     </span>
     <span class='ocr_line' id='line_1_10' title="bbox 670 1527 1215 1601; baseline -0.002 -14"><span class='ocrx_word' id='word_1_66' title='bbox 670 1543 727 1601; x_wconf 82' lang='lat' dir='ltr'>quo</span> <span class='ocrx_word' id='word_1_67' title='bbox 742 1527 785 1589; x_wconf 80' lang='lat' dir='ltr'>bis</span> <span class='ocrx_word' id='word_1_68' title='bbox 799 1544 855 1587; x_wconf 82' lang='lat' dir='ltr'>sex</span> <span class='ocrx_word' id='word_1_69' title='bbox 869 1528 988 1588; x_wconf 80' lang='lat' dir='ltr'>tabulas</span> <span class='ocrx_word' id='word_1_70' title='bbox 1002 1529 1125 1589; x_wconf 81' lang='lat' dir='ltr'>docente</span> <span class='ocrx_word' id='word_1_71' title='bbox 1139 1530 1215 1589; x_wconf 78' lang='lat' dir='ltr'>turis</span> 
     </span>
     <span class='ocr_line' id='line_1_11' title="bbox 669 1629 1164 1707; baseline 0 -18"><span class='ocrx_word' id='word_1_72' title='bbox 669 1632 748 1690; x_wconf 81' lang='lat' dir='ltr'>ultro</span> <span class='ocrx_word' id='word_1_73' title='bbox 764 1629 908 1690; x_wconf 79' lang='lat' dir='ltr'>Claudius</span> <span class='ocrx_word' id='word_1_74' title='bbox 922 1631 1040 1707; x_wconf 79' lang='lat' dir='ltr'>Appius</span> <span class='ocrx_word' id='word_1_75' title='bbox 1053 1636 1164 1690; x_wconf 83' lang='lat' dir='ltr'>taceret</span> 
     </span>
     <span class='ocr_line' id='line_1_12' title="bbox 667 1732 1191 1809; baseline -0.002 -18"><span class='ocrx_word' id='word_1_76' title='bbox 667 1734 754 1791; x_wconf 84' lang='lat' dir='ltr'>claro</span> <span class='ocrx_word' id='word_1_77' title='bbox 768 1732 921 1809; x_wconf 78' lang='lat' dir='ltr'>obscurior</span> <span class='ocrx_word' id='word_1_78' title='bbox 935 1736 966 1792; x_wconf 79' lang='lat' dir='ltr'>tn</span> <span class='ocrx_word' id='word_1_79' title='bbox 981 1734 1191 1794; x_wconf 72' lang='lat' dir='ltr'>deccmurctu.</span> 
     </span>
    </p>
   </div>
   <div class='ocr_carea' id='block_1_4' title="bbox 374 1878 1553 2992">
    <p class='ocr_par' dir='ltr' id='par_1_4' title="bbox 374 1878 1553 2992">
     <span class='ocr_line' id='line_1_13' title="bbox 465 1878 1538 1968; baseline 0.003 -21"><span class='ocrx_word' id='word_1_80' title='bbox 465 1880 673 1968; x_wconf 77' lang='lat' dir='ltr'>Quamquam</span> <span class='ocrx_word' id='word_1_81' title='bbox 689 1882 785 1968; x_wconf 90' lang='lat' dir='ltr'>quale</span> <span class='ocrx_word' id='word_1_82' title='bbox 799 1880 1009 1967; x_wconf 90' lang='lat' dir='ltr'>potissimum</span> <span class='ocrx_word' id='word_1_83' title='bbox 1024 1881 1126 1947; x_wconf 89' lang='lat' dir='ltr'>fuerit</span> <span class='ocrx_word' id='word_1_84' title='bbox 1139 1881 1202 1947; x_wconf 91' lang='lat' dir='ltr'>hoc</span> <span class='ocrx_word' id='word_1_85' title='bbox 1216 1878 1381 1964; x_wconf 84' lang='lat' dir='ltr'>studium,</span> <span class='ocrx_word' id='word_1_86' title='bbox 1396 1904 1438 1948; x_wconf 88' lang='lat' dir='ltr'>ex</span> <span class='ocrx_word' id='word_1_87' title='bbox 1453 1884 1538 1950; x_wconf 88' lang='lat' dir='ltr'>istis</span> 
     </span>
     <span class='ocr_line' id='line_1_14' title="bbox 379 1980 1536 2070; baseline 0.001 -19"><span class='ocrx_word' id='word_1_88' title='bbox 379 1984 556 2051; x_wconf 89' lang='lat' dir='ltr'>verborum</span> <span class='ocrx_word' id='word_1_89' title='bbox 570 1984 753 2050; x_wconf 89' lang='lat' dir='ltr'>tumoribus</span> <span class='ocrx_word' id='word_1_90' title='bbox 769 2006 886 2070; x_wconf 89' lang='lat' dir='ltr'>parum</span> <span class='ocrx_word' id='word_1_91' title='bbox 901 2006 1110 2070; x_wconf 81' lang='lat' dir='ltr'>auguramur.</span> <span class='ocrx_word' id='word_1_92' title='bbox 1140 1984 1262 2050; x_wconf 88' lang='lat' dir='ltr'>Verum</span> <span class='ocrx_word' id='word_1_93' title='bbox 1276 1980 1339 2049; x_wconf 90' lang='lat' dir='ltr'>boc</span> <span class='ocrx_word' id='word_1_94' title='bbox 1352 1984 1388 2049; x_wconf 90' lang='lat' dir='ltr'>in</span> <span class='ocrx_word' id='word_1_95' title='bbox 1402 1988 1536 2052; x_wconf 87' lang='lat' dir='ltr'>veteris</span> 
     </span>
     <span class='ocr_line' id='line_1_15' title="bbox 379 2084 1532 2173; baseline 0.003 -22"><span class='ocrx_word' id='word_1_96' title='bbox 379 2087 454 2151; x_wconf 89' lang='lat' dir='ltr'>aevi</span> <span class='ocrx_word' id='word_1_97' title='bbox 475 2086 567 2151; x_wconf 81' lang='lat' dir='ltr'>exitu</span> <span class='ocrx_word' id='word_1_98' title='bbox 581 2086 653 2150; x_wconf 63' lang='lat' dir='ltr'>‘iam</span> <span class='ocrx_word' id='word_1_99' title='bbox 674 2095 856 2151; x_wconf 88' lang='lat' dir='ltr'>extremum</span> <span class='ocrx_word' id='word_1_100' title='bbox 877 2087 1054 2172; x_wconf 87' lang='lat' dir='ltr'>vestigium</span> <span class='ocrx_word' id='word_1_101' title='bbox 1074 2096 1213 2173; x_wconf 89' lang='lat' dir='ltr'>apparet</span> <span class='ocrx_word' id='word_1_102' title='bbox 1233 2084 1316 2169; x_wconf 85' lang='lat' dir='ltr'>legis</span> <span class='ocrx_word' id='word_1_103' title='bbox 1342 2086 1532 2155; x_wconf 88' lang='lat' dir='ltr'>adhibitae.</span> 
     </span>
     <span class='ocr_line' id='line_1_16' title="bbox 378 2187 1533 2277; baseline 0.005 -26"><span class='ocrx_word' id='word_1_104' title='bbox 378 2187 432 2253; x_wconf 86' lang='lat' dir='ltr'>Ex</span> <span class='ocrx_word' id='word_1_105' title='bbox 452 2187 514 2254; x_wconf 90' lang='lat' dir='ltr'>hoc</span> <span class='ocrx_word' id='word_1_106' title='bbox 534 2188 622 2253; x_wconf 87' lang='lat' dir='ltr'>enirn</span> <span class='ocrx_word' id='word_1_107' title='bbox 641 2198 786 2277; x_wconf 90' lang='lat' dir='ltr'>tempore</span> <span class='ocrx_word' id='word_1_108' title='bbox 807 2188 873 2255; x_wconf 88' lang='lat' dir='ltr'>alto</span> <span class='ocrx_word' id='word_1_109' title='bbox 894 2188 1023 2253; x_wconf 91' lang='lat' dir='ltr'>silentio</span> <span class='ocrx_word' id='word_1_110' title='bbox 1044 2188 1183 2274; x_wconf 84' lang='lat' dir='ltr'>tegitur,</span> <span class='ocrx_word' id='word_1_111' title='bbox 1195 2196 1243 2252; x_wconf 89' lang='lat' dir='ltr'>·et</span> <span class='ocrx_word' id='word_1_112' title='bbox 1267 2187 1311 2252; x_wconf 93' lang='lat' dir='ltr'>ab</span> <span class='ocrx_word' id='word_1_113' title='bbox 1336 2187 1533 2256; x_wconf 81' lang='lat' dir='ltr'>rhetoribus</span> 
     </span>
     <span class='ocr_line' id='line_1_17' title="bbox 377 2289 1532 2380; baseline 0.003 -25"><span class='ocrx_word' id='word_1_114' title='bbox 377 2292 668 2380; x_wconf 88' lang='lat' dir='ltr'>grammaticisque</span> <span class='ocrx_word' id='word_1_115' title='bbox 683 2304 716 2357; x_wconf 91' lang='lat' dir='ltr'>et</span> <span class='ocrx_word' id='word_1_116' title='bbox 731 2314 751 2357; x_wconf 92' lang='lat' dir='ltr'>a</span> <span class='ocrx_word' id='word_1_117' title='bbox 765 2292 946 2378; x_wconf 75' lang='lat' dir='ltr'>patrioticis</span> <span class='ocrx_word' id='word_1_118' title='bbox 963 2292 1195 2377; x_wconf 85' lang='lat' dir='ltr'>scriptoribus,</span> <span class='ocrx_word' id='word_1_119' title='bbox 1217 2289 1307 2377; x_wconf 91' lang='lat' dir='ltr'>apud</span> <span class='ocrx_word' id='word_1_120' title='bbox 1321 2314 1405 2378; x_wconf 90' lang='lat' dir='ltr'>quos</span> <span class='ocrx_word' id='word_1_121' title='bbox 1420 2315 1532 2380; x_wconf 86' lang='lat' dir='ltr'>usque</span> 
     </span>
     <span class='ocr_line' id='line_1_18' title="bbox 379 2392 1531 2481; baseline 0.003 -23"><span class='ocrx_word' id='word_1_122' title='bbox 379 2392 461 2459; x_wconf 90' lang='lat' dir='ltr'>adeo</span> <span class='ocrx_word' id='word_1_123' title='bbox 477 2395 688 2481; x_wconf 88' lang='lat' dir='ltr'>quantumvis</span> <span class='ocrx_word' id='word_1_124' title='bbox 710 2416 786 2459; x_wconf 86' lang='lat' dir='ltr'>rara</span> <span class='ocrx_word' id='word_1_125' title='bbox 807 2396 964 2461; x_wconf 84' lang='lat' dir='ltr'>exstabat</span> <span class='ocrx_word' id='word_1_126' title='bbox 983 2393 1053 2458; x_wconf 90' lang='lat' dir='ltr'>XII</span> <span class='ocrx_word' id='word_1_127' title='bbox 1073 2392 1262 2459; x_wconf 87' lang='lat' dir='ltr'>tabularum</span> <span class='ocrx_word' id='word_1_128' title='bbox 1282 2396 1420 2477; x_wconf 87' lang='lat' dir='ltr'>mentio,</span> <span class='ocrx_word' id='word_1_129' title='bbox 1446 2406 1531 2481; x_wconf 91' lang='lat' dir='ltr'>post</span> 
     </span>
     <span class='ocr_line' id='line_1_19' title="bbox 376 2494 1529 2583; baseline -0.002 -22"><span class='ocrx_word' id='word_1_130' title='bbox 376 2498 601 2583; x_wconf 83' lang='lat' dir='ltr'>Augustinum</span> <span class='ocrx_word' id='word_1_131' title='bbox 613 2506 647 2562; x_wconf 90' lang='lat' dir='ltr'>et</span> <span class='ocrx_word' id='word_1_132' title='bbox 659 2497 849 2564; x_wconf 77' lang='lat' dir='ltr'>Saluianum</span> <span class='ocrx_word' id='word_1_133' title='bbox 860 2518 997 2583; x_wconf 88' lang='lat' dir='ltr'>prorsus</span> <span class='ocrx_word' id='word_1_134' title='bbox 1012 2494 1184 2561; x_wconf 84' lang='lat' dir='ltr'>derelicta:</span> <span class='ocrx_word' id='word_1_135' title='bbox 1201 2518 1275 2561; x_wconf 91' lang='lat' dir='ltr'>cum</span> <span class='ocrx_word' id='word_1_136' title='bbox 1289 2517 1374 2582; x_wconf 89' lang='lat' dir='ltr'>quae</span> <span class='ocrx_word' id='word_1_137' title='bbox 1382 2497 1418 2560; x_wconf 90' lang='lat' dir='ltr'>in</span> <span class='ocrx_word' id='word_1_138' title='bbox 1428 2496 1529 2579; x_wconf 84' lang='lat' dir='ltr'>IOto-</span> 
     </span>
     <span class='ocr_line' id='line_1_20' title="bbox 375 2597 1526 2687; baseline -0.002 -22"><span class='ocrx_word' id='word_1_139' title='bbox 375 2621 448 2665; x_wconf 90' lang='lat' dir='ltr'>rum</span> <span class='ocrx_word' id='word_1_140' title='bbox 462 2609 613 2667; x_wconf 91' lang='lat' dir='ltr'>veterum</span> <span class='ocrx_word' id='word_1_141' title='bbox 629 2599 761 2687; x_wconf 88' lang='lat' dir='ltr'>scriptis</span> <span class='ocrx_word' id='word_1_142' title='bbox 784 2621 902 2685; x_wconf 89' lang='lat' dir='ltr'>sparsa</span> <span class='ocrx_word' id='word_1_143' title='bbox 921 2598 1113 2665; x_wconf 84' lang='lat' dir='ltr'>ferebantur</span> <span class='ocrx_word' id='word_1_144' title='bbox 1131 2597 1338 2681; x_wconf 88' lang='lat' dir='ltr'>testimonia,</span> <span class='ocrx_word' id='word_1_145' title='bbox 1363 2598 1459 2685; x_wconf 91' lang='lat' dir='ltr'>quasi</span> <span class='ocrx_word' id='word_1_146' title='bbox 1480 2621 1526 2663; x_wconf 89' lang='lat' dir='ltr'>ex</span> 
     </span>
     <span class='ocr_line' id='line_1_21' title="bbox 375 2698 1525 2788; baseline -0.003 -21"><span class='ocrx_word' id='word_1_147' title='bbox 375 2702 458 2787; x_wconf 86' lang='lat' dir='ltr'>legis</span> <span class='ocrx_word' id='word_1_148' title='bbox 474 2700 648 2788; x_wconf 82' lang='lat' dir='ltr'>naufragio</span> <span class='ocrx_word' id='word_1_149' title='bbox 664 2702 700 2767; x_wconf 91' lang='lat' dir='ltr'>in</span> <span class='ocrx_word' id='word_1_150' title='bbox 715 2700 781 2767; x_wconf 85' lang='lat' dir='ltr'>alto</span> <span class='ocrx_word' id='word_1_151' title='bbox 798 2700 946 2766; x_wconf 79' lang='lat' dir='ltr'>errantia</span> <span class='ocrx_word' id='word_1_152' title='bbox 960 2700 1183 2766; x_wconf 86' lang='lat' dir='ltr'>iustinianeae</span> <span class='ocrx_word' id='word_1_153' title='bbox 1193 2698 1435 2787; x_wconf 86' lang='lat' dir='ltr'>compilationis</span> <span class='ocrx_word' id='word_1_154' title='bbox 1447 2720 1525 2787; x_wconf 90' lang='lat' dir='ltr'>por-</span> 
     </span>
     <span class='ocr_line' id='line_1_22' title="bbox 374 2803 1553 2891; baseline -0.001 -23"><span class='ocrx_word' id='word_1_155' title='bbox 374 2814 411 2868; x_wconf 91' lang='lat' dir='ltr'>tu</span> <span class='ocrx_word' id='word_1_156' title='bbox 432 2814 572 2891; x_wconf 83' lang='lat' dir='ltr'>excepta</span> <span class='ocrx_word' id='word_1_157' title='bbox 588 2814 680 2887; x_wconf 88' lang='lat' dir='ltr'>sunt,</span> <span class='ocrx_word' id='word_1_158' title='bbox 706 2804 764 2870; x_wconf 93' lang='lat' dir='ltr'>ubi</span> <span class='ocrx_word' id='word_1_159' title='bbox 784 2803 1066 2890; x_wconf 84' lang='lat' dir='ltr'>conquiescerent.</span> <span class='ocrx_word' id='word_1_160' title='bbox 1101 2803 1232 2890; x_wconf 83' lang='lat' dir='ltr'>Scripta</span> <span class='ocrx_word' id='word_1_161' title='bbox 1246 2812 1355 2867; x_wconf 88' lang='lat' dir='ltr'>autem</span> <span class='ocrx_word' id='word_1_162' title='bbox 1369 2804 1526 2891; x_wconf 86' lang='lat' dir='ltr'>exempla</span> <span class='ocrx_word' id='word_1_163' title='bbox 1544 2823 1553 2834; x_wconf 85' lang='grc'><em>’</em></span> 
     </span>
     <span class='ocr_line' id='line_1_23' title="bbox 376 2905 1524 2992; baseline 0 -21"><span class='ocrx_word' id='word_1_164' title='bbox 376 2906 501 2971; x_wconf 92' lang='lat' dir='ltr'>dudum</span> <span class='ocrx_word' id='word_1_165' title='bbox 516 2905 751 2971; x_wconf 88' lang='lat' dir='ltr'>interciderant</span> <span class='ocrx_word' id='word_1_166' title='bbox 765 2906 892 2988; x_wconf 91' lang='lat' dir='ltr'>omnia,</span> <span class='ocrx_word' id='word_1_167' title='bbox 918 2928 980 2971; x_wconf 93' lang='lat' dir='ltr'>nec</span> <span class='ocrx_word' id='word_1_168' title='bbox 998 2906 1103 2992; x_wconf 86' lang='lat' dir='ltr'>magis</span> <span class='ocrx_word' id='word_1_169' title='bbox 1124 2929 1168 2971; x_wconf 85' lang='lat' dir='ltr'>ex</span> <span class='ocrx_word' id='word_1_170' title='bbox 1188 2906 1430 2971; x_wconf 85' lang='lat' dir='ltr'>commentariis</span> <span class='ocrx_word' id='word_1_171' title='bbox 1450 2916 1524 2971; x_wconf 91' lang='lat' dir='ltr'>tum</span> 
     </span>
    </p>
   </div>
   <div class='ocr_carea' id='block_1_5' title="bbox 371 3006 1523 3507">
    <p class='ocr_par' dir='ltr' id='par_1_5' title="bbox 371 3006 1523 3507">
     <span class='ocr_line' id='line_1_24' title="bbox 372 3006 1523 3096; baseline -0.001 -22"><span class='ocrx_word' id='word_1_172' title='bbox 372 3020 504 3096; x_wconf 88' lang='lat' dir='ltr'>praeter</span> <span class='ocrx_word' id='word_1_173' title='bbox 519 3006 684 3074; x_wconf 83' lang='lat' dir='ltr'>Gaianuni</span> <span class='ocrx_word' id='word_1_174' title='bbox 703 3007 790 3073; x_wconf 91' lang='lat' dir='ltr'>ullus</span> <span class='ocrx_word' id='word_1_175' title='bbox 805 3008 940 3074; x_wconf 82' lang='lat' dir='ltr'>videtur</span> <span class='ocrx_word' id='word_1_176' title='bbox 959 3009 1087 3095; x_wconf 87' lang='lat' dir='ltr'>integer</span> <span class='ocrx_word' id='word_1_177' title='bbox 1107 3018 1273 3094; x_wconf 89' lang='lat' dir='ltr'>superstes</span> <span class='ocrx_word' id='word_1_178' title='bbox 1288 3007 1403 3073; x_wconf 89' lang='lat' dir='ltr'>fuisse.</span> <span class='ocrx_word' id='word_1_179' title='bbox 1431 3008 1523 3073; x_wconf 89' lang='lat' dir='ltr'>Hine</span> 
     </span>
     <span class='ocr_line' id='line_1_25' title="bbox 372 3098 1521 3199; baseline 0.001 -24"><span class='ocrx_word' id='word_1_180' title='bbox 372 3109 414 3176; x_wconf 91' lang='lat' dir='ltr'>de</span> <span class='ocrx_word' id='word_1_181' title='bbox 434 3134 548 3177; x_wconf 90' lang='lat' dir='ltr'>eorum</span> <span class='ocrx_word' id='word_1_182' title='bbox 562 3098 627 3175; x_wconf 88' lang='lat' dir='ltr'>lide</span> <span class='ocrx_word' id='word_1_183' title='bbox 641 3109 856 3175; x_wconf 90' lang='lat' dir='ltr'>iudicandum</span> <span class='ocrx_word' id='word_1_184' title='bbox 870 3120 936 3193; x_wconf 88' lang='lat' dir='ltr'>est,</span> <span class='ocrx_word' id='word_1_185' title='bbox 962 3134 1047 3199; x_wconf 87' lang='lat' dir='ltr'>quae</span> <span class='ocrx_word' id='word_1_186' title='bbox 1061 3134 1082 3176; x_wconf 93' lang='lat' dir='ltr'>a</span> <span class='ocrx_word' id='word_1_187' title='bbox 1100 3107 1299 3198; x_wconf 90' lang='lat' dir='ltr'>quibusdam</span> <span class='ocrx_word' id='word_1_188' title='bbox 1314 3108 1355 3174; x_wconf 91' lang='lat' dir='ltr'>de</span> <span class='ocrx_word' id='word_1_189' title='bbox 1370 3112 1521 3176; x_wconf 86' lang='lat' dir='ltr'>tractatis</span> 
     </span>
     <span class='ocr_line' id='line_1_26' title="bbox 372 3212 1521 3300; baseline 0.002 -23"><span class='ocrx_word' id='word_1_190' title='bbox 372 3214 473 3277; x_wconf 90' lang='lat' dir='ltr'>etiam</span> <span class='ocrx_word' id='word_1_191' title='bbox 487 3212 596 3279; x_wconf 92' lang='lat' dir='ltr'>medio</span> <span class='ocrx_word' id='word_1_192' title='bbox 612 3236 694 3279; x_wconf 90' lang='lat' dir='ltr'>aevo</span> <span class='ocrx_word' id='word_1_193' title='bbox 710 3212 782 3278; x_wconf 86' lang='lat' dir='ltr'>XII</span> <span class='ocrx_word' id='word_1_194' title='bbox 797 3212 919 3280; x_wconf 90' lang='lat' dir='ltr'>tabulis</span> <span class='ocrx_word' id='word_1_195' title='bbox 940 3235 984 3279; x_wconf 87' lang='lat' dir='ltr'>ex</span> <span class='ocrx_word' id='word_1_196' title='bbox 1004 3236 1092 3281; x_wconf 85' lang='lat' dir='ltr'>vana</span> <span class='ocrx_word' id='word_1_197' title='bbox 1111 3213 1278 3279; x_wconf 86' lang='lat' dir='ltr'>auditione</span> <span class='ocrx_word' id='word_1_198' title='bbox 1297 3213 1405 3299; x_wconf 86' lang='lat' dir='ltr'>magis</span> <span class='ocrx_word' id='word_1_199' title='bbox 1420 3236 1521 3300; x_wconf 89' lang='lat' dir='ltr'>quam</span> 
     </span>
     <span class='ocr_line' id='line_1_27' title="bbox 372 3313 1520 3403; baseline 0.003 -26"><span class='ocrx_word' id='word_1_200' title='bbox 372 3336 414 3378; x_wconf 84' lang='lat' dir='ltr'>ex</span> <span class='ocrx_word' id='word_1_201' title='bbox 434 3313 578 3403; x_wconf 87' lang='lat' dir='ltr'>limpidis</span> <span class='ocrx_word' id='word_1_202' title='bbox 600 3314 748 3383; x_wconf 87' lang='lat' dir='ltr'>fontibus</span> <span class='ocrx_word' id='word_1_203' title='bbox 769 3314 890 3383; x_wconf 86' lang='lat' dir='ltr'>hausta</span> <span class='ocrx_word' id='word_1_204' title='bbox 909 3315 1094 3383; x_wconf 91' lang='lat' dir='ltr'>traduntur.</span> <span class='ocrx_word' id='word_1_205' title='bbox 1125 3314 1255 3381; x_wconf 86' lang='lat' dir='ltr'>Nullius</span> <span class='ocrx_word' id='word_1_206' title='bbox 1271 3314 1359 3379; x_wconf 85' lang='lat' dir='ltr'>enim</span> <span class='ocrx_word' id='word_1_207' title='bbox 1373 3338 1452 3381; x_wconf 90' lang='lat' dir='ltr'>usus</span> <span class='ocrx_word' id='word_1_208' title='bbox 1467 3325 1520 3381; x_wconf 88' lang='lat' dir='ltr'>est</span> 
     </span>
     <span class='ocr_line' id='line_1_28' title="bbox 371 3416 1520 3507; baseline 0.003 -26"><span class='ocrx_word' id='word_1_209' title='bbox 371 3416 460 3503; x_wconf 90' lang='lat' dir='ltr'>quod</span> <span class='ocrx_word' id='word_1_210' title='bbox 484 3417 604 3485; x_wconf 90' lang='lat' dir='ltr'>Petrus</span> <span class='ocrx_word' id='word_1_211' title='bbox 630 3418 671 3485; x_wconf 91' lang='lat' dir='ltr'>de</span> <span class='ocrx_word' id='word_1_212' title='bbox 697 3419 831 3486; x_wconf 77' lang='lat' dir='ltr'>Graios</span> <span class='ocrx_word' id='word_1_213' title='bbox 860 3419 1010 3507; x_wconf 89' lang='lat' dir='ltr'>quidam,</span> <span class='ocrx_word' id='word_1_214' title='bbox 1039 3420 1219 3485; x_wconf 86' lang='lat' dir='ltr'>monachus</span> <span class='ocrx_word' id='word_1_215' title='bbox 1238 3417 1408 3505; x_wconf 89' lang='lat' dir='ltr'>Hispanus</span> <span class='ocrx_word' id='word_1_216' title='bbox 1429 3419 1520 3485; x_wconf 88' lang='lat' dir='ltr'>circa</span> 
     </span>
    </p>
   </div>
   <div class='ocr_carea' id='block_1_6' title="bbox 368 3708 1518 4120">
    <p class='ocr_par' dir='ltr' id='par_1_6' title="bbox 368 3708 1518 4120">
     <span class='ocr_line' id='line_1_29' title="bbox 439 3708 1518 3779; baseline 0.001 -17"><span class='ocrx_word' id='word_1_217' title='bbox 439 3708 459 3775; x_wconf 85' lang='lat'>¹)</span> <span class='ocrx_word' id='word_1_218' title='bbox 478 3710 565 3774; x_wconf 80' lang='lat' dir='ltr'>Quem</span> <span class='ocrx_word' id='word_1_219' title='bbox 584 3710 656 3777; x_wconf 90' lang='lat' dir='ltr'>quod</span> <span class='ocrx_word' id='word_1_220' title='bbox 673 3710 756 3779; x_wconf 76' lang='lat' dir='ltr'>vulgo</span> <span class='ocrx_word' id='word_1_221' title='bbox 779 3712 895 3764; x_wconf 89' lang='lat' dir='ltr'>eundem</span> <span class='ocrx_word' id='word_1_222' title='bbox 917 3716 1020 3779; x_wconf 88' lang='lat' dir='ltr'>putant</span> <span class='ocrx_word' id='word_1_223' title='bbox 1041 3727 1103 3764; x_wconf 88' lang='lat' dir='ltr'>esse</span> <span class='ocrx_word' id='word_1_224' title='bbox 1126 3716 1211 3776; x_wconf 87' lang='lat' dir='ltr'>atque</span> <span class='ocrx_word' id='word_1_225' title='bbox 1230 3712 1353 3764; x_wconf 87' lang='lat' dir='ltr'>Leonem</span> <span class='ocrx_word' id='word_1_226' title='bbox 1370 3710 1466 3762; x_wconf 78' lang='lat' dir='ltr'>Eanoi</span> <span class='ocrx_word' id='word_1_227' title='bbox 1488 3717 1518 3763; x_wconf 88' lang='lat' dir='ltr'>et</span> 
     </span>
     <span class='ocr_line' id='line_1_30' title="bbox 369 3792 1517 3865; baseline 0.001 -20"><span class='ocrx_word' id='word_1_228' title='bbox 369 3792 475 3846; x_wconf 78' lang='lat' dir='ltr'>Alarici</span> <span class='ocrx_word' id='word_1_229' title='bbox 494 3796 644 3849; x_wconf 79' lang='lat' dir='ltr'>Gothorum</span> <span class='ocrx_word' id='word_1_230' title='bbox 666 3814 761 3865; x_wconf 80' lang='lat' dir='ltr'>regum</span> <span class='ocrx_word' id='word_1_231' title='bbox 783 3798 974 3850; x_wconf 84' lang='lat' dir='ltr'>consiliarium</span> <span class='ocrx_word' id='word_1_232' title='bbox 997 3795 1051 3861; x_wconf 82' lang='lat' dir='ltr'>(ci.</span> <span class='ocrx_word' id='word_1_233' title='bbox 1070 3796 1221 3863; x_wconf 75' lang='lat' dir='ltr'>Gregorius</span> <span class='ocrx_word' id='word_1_234' title='bbox 1236 3796 1335 3848; x_wconf 84' lang='lat' dir='ltr'>Mirac.</span> <span class='ocrx_word' id='word_1_235' title='bbox 1359 3798 1374 3847; x_wconf 93' lang='lat'>1</span> <span class='ocrx_word' id='word_1_236' title='bbox 1395 3795 1460 3862; x_wconf 78' lang='grc'>92),</span> <span class='ocrx_word' id='word_1_237' title='bbox 1479 3796 1517 3847; x_wconf 84' lang='lat' dir='ltr'>ad</span> 
     </span>
     <span class='ocr_line' id='line_1_31' title="bbox 370 3880 1517 3950; baseline 0 -19"><span class='ocrx_word' id='word_1_238' title='bbox 370 3894 451 3943; x_wconf 89' lang='lat' dir='ltr'>quem</span> <span class='ocrx_word' id='word_1_239' title='bbox 470 3880 576 3934; x_wconf 82' lang='lat' dir='ltr'>Sidonii</span> <span class='ocrx_word' id='word_1_240' title='bbox 594 3882 666 3935; x_wconf 89' lang='lat' dir='ltr'>duae</span> <span class='ocrx_word' id='word_1_241' title='bbox 685 3884 825 3950; x_wconf 88' lang='lat' dir='ltr'>epistulae</span> <span class='ocrx_word' id='word_1_242' title='bbox 843 3886 908 3935; x_wconf 89' lang='lat' dir='ltr'>sunt</span> <span class='ocrx_word' id='word_1_243' title='bbox 924 3882 962 3932; x_wconf 81' lang='lat' dir='ltr'>lv</span> <span class='ocrx_word' id='word_1_244' title='bbox 980 3883 1013 3931; x_wconf 77' lang='lat'>22</span> <span class='ocrx_word' id='word_1_245' title='bbox 1033 3886 1061 3933; x_wconf 88' lang='lat' dir='ltr'>et</span> <span class='ocrx_word' id='word_1_246' title='bbox 1078 3881 1148 3933; x_wconf 85' lang='lat' dir='ltr'>VIII</span> <span class='ocrx_word' id='word_1_247' title='bbox 1164 3884 1195 3933; x_wconf 80' lang='lat'>3:</span> <span class='ocrx_word' id='word_1_248' title='bbox 1217 3882 1246 3933; x_wconf 91' lang='lat' dir='ltr'>id</span> <span class='ocrx_word' id='word_1_249' title='bbox 1263 3882 1443 3933; x_wconf 79' lang='lat' dir='ltr'>vehementer</span> <span class='ocrx_word' id='word_1_250' title='bbox 1466 3881 1517 3931; x_wconf 88' lang='lat' dir='ltr'>sd·</span> 
     </span>
     <span class='ocr_line' id='line_1_32' title="bbox 369 3966 1516 4031; baseline 0.003 -17"><span class='ocrx_word' id='word_1_251' title='bbox 369 3966 473 4017; x_wconf 87' lang='lat' dir='ltr'>dubito.</span> <span class='ocrx_word' id='word_1_252' title='bbox 508 3968 577 4019; x_wconf 87' lang='lat' dir='ltr'>Nar&#39;n</span> <span class='ocrx_word' id='word_1_253' title='bbox 602 3970 657 4019; x_wconf 89' lang='lat' dir='ltr'>etsi</span> <span class='ocrx_word' id='word_1_254' title='bbox 674 3968 740 4021; x_wconf 90' lang='lat' dir='ltr'>huic</span> <span class='ocrx_word' id='word_1_255' title='bbox 762 3969 920 4021; x_wconf 87' lang='lat' dir='ltr'>sententiae</span> <span class='ocrx_word' id='word_1_256' title='bbox 942 3966 1015 4017; x_wconf 86' lang='lat' dir='ltr'>bens</span> <span class='ocrx_word' id='word_1_257' title='bbox 1039 3969 1188 4018; x_wconf 79' lang='lat' dir='ltr'>convenire</span> <span class='ocrx_word' id='word_1_258' title='bbox 1210 3966 1342 4019; x_wconf 85' lang='lat' dir='ltr'>ridentur</span> <span class='ocrx_word' id='word_1_259' title='bbox 1362 3971 1393 4018; x_wconf 90' lang='lat' dir='ltr'>et</span> <span class='ocrx_word' id='word_1_260' title='bbox 1409 3968 1516 4031; x_wconf 68' lang='lat' dir='ltr'>urmi-</span> 
     </span>
     <span class='ocr_line' id='line_1_33' title="bbox 368 4052 1518 4120; baseline 0.004 -20"><span class='ocrx_word' id='word_1_261' title='bbox 368 4066 432 4101; x_wconf 91' lang='lat' dir='ltr'>uum</span> <span class='ocrx_word' id='word_1_262' title='bbox 443 4052 548 4105; x_wconf 86' lang='lat' dir='ltr'>Leonis</span> <span class='ocrx_word' id='word_1_263' title='bbox 568 4058 596 4106; x_wconf 87' lang='lat' dir='ltr'>et</span> <span class='ocrx_word' id='word_1_264' title='bbox 612 4053 846 4107; x_wconf 85' lang='lat' dir='ltr'>declamationum</span> <span class='ocrx_word' id='word_1_265' title='bbox 856 4052 955 4105; x_wconf 88' lang='lat' dir='ltr'>laudes</span> <span class='ocrx_word' id='word_1_266' title='bbox 973 4052 1011 4103; x_wconf 84' lang='lat' dir='ltr'>cf.</span> <span class='ocrx_word' id='word_1_267' title='bbox 1023 4052 1120 4104; x_wconf 85' lang='lat' dir='ltr'>vme</span> <span class='ocrx_word' id='word_1_268' title='bbox 1137 4056 1276 4119; x_wconf 75' lang='lat' dir='ltr'>‘mpesde</span> <span class='ocrx_word' id='word_1_269' title='bbox 1291 4055 1436 4120; x_wconf 77' lang='lat' dir='ltr'>perormsdi</span> <span class='ocrx_word' id='word_1_270' title='bbox 1450 4054 1518 4105; x_wconf 73' lang='lat' dir='ltr'>titud</span> 
     </span>
    </p>
   </div>
   <div class='ocr_carea' id='block_1_7' title="bbox 367 4131 1619 4212">
    <p class='ocr_par' dir='ltr' id='par_1_7' title="bbox 367 4131 1619 4212">
     <span class='ocr_line' id='line_1_34' title="bbox 367 4131 1619 4212; baseline 0.003 -27"><span class='ocrx_word' id='word_1_271' title='bbox 367 4131 465 4205; x_wconf 82' lang='lat' dir='ltr'>quoque</span> <span class='ocrx_word' id='word_1_272' title='bbox 483 4140 670 4193; x_wconf 64' lang='lat' dir='ltr'>celeberrimum</span> <span class='ocrx_word' id='word_1_273' title='bbox 685 4142 781 4207; x_wconf 73' lang='lat' dir='ltr'>flumen</span> <span class='ocrx_word' id='word_1_274' title='bbox 795 4142 864 4209; x_wconf 85' lang='lat' dir='ltr'>quod</span> <span class='ocrx_word' id='word_1_275' title='bbox 879 4156 929 4191; x_wconf 82' lang='lat' dir='ltr'>nos</span> <span class='ocrx_word' id='word_1_276' title='bbox 945 4141 1024 4190; x_wconf 74' lang='lat' dir='ltr'>solies</span> <span class='ocrx_word' id='word_1_277' title='bbox 1043 4140 1197 4203; x_wconf 75' lang='lat' dir='ltr'>peutttteiwu</span> <span class='ocrx_word' id='word_1_278' title='bbox 1216 4140 1266 4190; x_wconf 81' lang='lat' dir='ltr'>sed</span> <span class='ocrx_word' id='word_1_279' title='bbox 1286 4142 1445 4191; x_wconf 65' lang='lat' dir='ltr'>demeum</span> <span class='ocrx_word' id='word_1_280' title='bbox 1468 4140 1518 4189; x_wconf 75' lang='lat' dir='ltr'>sits</span> <span class='ocrx_word' id='word_1_281' title='bbox 1618 4209 1619 4212; x_wconf 8' lang='grc' dir='ltr'><strong>Ἴ</strong></span> 
     </span>
    </p>
   </div>
   <div class='ocr_carea' id='block_1_8' title="bbox 286 4225 1515 4625">
    <p class='ocr_par' dir='ltr' id='par_1_8' title="bbox 286 4225 1515 4625">
     <span class='ocr_line' id='line_1_35' title="bbox 367 4225 1514 4293; baseline 0.002 -20"><span class='ocrx_word' id='word_1_282' title='bbox 367 4226 484 4291; x_wconf 58' lang='lat' dir='ltr'>quodque</span> <span class='ocrx_word' id='word_1_283' title='bbox 501 4228 528 4277; x_wconf 84' lang='lat' dir='ltr'>iu</span> <span class='ocrx_word' id='word_1_284' title='bbox 547 4236 612 4278; x_wconf 71' lang='lat' dir='ltr'>tmen</span> <span class='ocrx_word' id='word_1_285' title='bbox 626 4234 717 4292; x_wconf 81' lang='lat' dir='ltr'>peetrss</span> <span class='ocrx_word' id='word_1_286' title='bbox 731 4244 782 4293; x_wconf 82' lang='lat' dir='ltr'>per</span> <span class='ocrx_word' id='word_1_287' title='bbox 798 4228 934 4278; x_wconf 69' lang='lat' dir='ltr'>auedduus</span> <span class='ocrx_word' id='word_1_288' title='bbox 955 4232 1054 4276; x_wconf 81' lang='lat' dir='ltr'>aetates</span> <span class='ocrx_word' id='word_1_289' title='bbox 1077 4225 1109 4275; x_wconf 78' lang='lat' dir='ltr'>ud</span> <span class='ocrx_word' id='word_1_290' title='bbox 1132 4231 1208 4274; x_wconf 73' lang='grc' dir='ltr'><strong><em>αίαυο</em></strong></span> <span class='ocrx_word' id='word_1_291' title='bbox 1226 4225 1357 4277; x_wconf 78' lang='lat' dir='ltr'>Frontone</span> <span class='ocrx_word' id='word_1_292' title='bbox 1379 4226 1514 4288; x_wconf 60' lang='lat' dir='ltr'>amsan-</span> 
     </span>
     <span class='ocr_line' id='line_1_36' title="bbox 366 4310 1515 4379; baseline 0.004 -21"><span class='ocrx_word' id='word_1_293' title='bbox 366 4310 445 4359; x_wconf 83' lang='lat' dir='ltr'>dr’tcr’</span> <span class='ocrx_word' id='word_1_294' title='bbox 464 4310 584 4379; x_wconf 86' lang='lat' dir='ltr'>itemque</span> <span class='ocrx_word' id='word_1_295' title='bbox 603 4313 712 4378; x_wconf 89' lang='lat' dir='ltr'>antiqui</span> <span class='ocrx_word' id='word_1_296' title='bbox 730 4314 866 4364; x_wconf 89' lang='lat' dir='ltr'>sermonis</span> <span class='ocrx_word' id='word_1_297' title='bbox 883 4312 1003 4362; x_wconf 88' lang='lat' dir='ltr'>studium</span> <span class='ocrx_word' id='word_1_298' title='bbox 1021 4310 1164 4362; x_wconf 87' lang='lat' dir='ltr'>laudatum</span> <span class='ocrx_word' id='word_1_299' title='bbox 1176 4310 1216 4362; x_wconf 92' lang='lat' dir='ltr'>1v</span> <span class='ocrx_word' id='word_1_300' title='bbox 1228 4312 1261 4361; x_wconf 73' lang='lat'>22</span> <span class='ocrx_word' id='word_1_301' title='bbox 1279 4316 1361 4363; x_wconf 78' lang='lat' dir='ltr'>‘semo</span> <span class='ocrx_word' id='word_1_302' title='bbox 1378 4318 1404 4362; x_wconf 85' lang='lat' dir='ltr'>te</span> <span class='ocrx_word' id='word_1_303' title='bbox 1421 4314 1515 4363; x_wconf 75' lang='lat' dir='ltr'>celatus</span> 
     </span>
     <span class='ocr_line' id='line_1_37' title="bbox 365 4396 1513 4465; baseline 0.003 -22"><span class='ocrx_word' id='word_1_304' title='bbox 365 4398 511 4460; x_wconf 72' lang='lat' dir='ltr'>scripserit,</span> <span class='ocrx_word' id='word_1_305' title='bbox 529 4414 600 4451; x_wconf 85' lang='lat' dir='ltr'>nemo</span> <span class='ocrx_word' id='word_1_306' title='bbox 618 4401 759 4465; x_wconf 79' lang='lat' dir='ltr'>unttqru&#39;us,</span> <span class='ocrx_word' id='word_1_307' title='bbox 778 4400 878 4450; x_wconf 69' lang='lat' dir='ltr'>edmari</span> <span class='ocrx_word' id='word_1_308' title='bbox 897 4400 999 4463; x_wconf 82' lang='lat' dir='ltr'>placeat</span> <span class='ocrx_word' id='word_1_309' title='bbox 1015 4400 1131 4449; x_wconf 83' lang='lat' dir='ltr'>recentia</span> <span class='ocrx_word' id='word_1_310' title='bbox 1147 4400 1242 4463; x_wconf 78' lang='lat' dir='ltr'>loqsd’:</span> <span class='ocrx_word' id='word_1_311' title='bbox 1260 4402 1354 4447; x_wconf 85' lang='lat' dir='ltr'>tamen</span> <span class='ocrx_word' id='word_1_312' title='bbox 1366 4396 1445 4447; x_wconf 88' lang='lat' dir='ltr'>illum</span> <span class='ocrx_word' id='word_1_313' title='bbox 1457 4398 1513 4446; x_wconf 86' lang='lat' dir='ltr'>To·</span> 
     </span>
     <span class='ocr_line' id='line_1_38' title="bbox 286 4476 1514 4551; baseline 0.009 -29"><span class='ocrx_word' id='word_1_314' title='bbox 286 4512 292 4523; x_wconf 89' lang='lat'>.</span> <span class='ocrx_word' id='word_1_315' title='bbox 365 4476 443 4530; x_wconf 87' lang='lat' dir='ltr'>losse</span> <span class='ocrx_word' id='word_1_316' title='bbox 462 4482 490 4531; x_wconf 85' lang='lat' dir='ltr'>iu</span> <span class='ocrx_word' id='word_1_317' title='bbox 508 4485 587 4548; x_wconf 82' lang='lat' dir='ltr'>regia</span> <span class='ocrx_word' id='word_1_318' title='bbox 605 4486 682 4551; x_wconf 83' lang='lat' dir='ltr'>lpas,</span> <span class='ocrx_word' id='word_1_319' title='bbox 701 4499 756 4534; x_wconf 91' lang='lat' dir='ltr'>uon</span> <span class='ocrx_word' id='word_1_320' title='bbox 773 4484 903 4536; x_wconf 80' lang='lat' dir='ltr'>Narbone</span> <span class='ocrx_word' id='word_1_321' title='bbox 920 4484 1047 4549; x_wconf 81' lang='lat' dir='ltr'>versari,¹</span> <span class='ocrx_word' id='word_1_322' title='bbox 1058 4487 1090 4535; x_wconf 91' lang='lat' dir='ltr'>ut</span> <span class='ocrx_word' id='word_1_323' title='bbox 1107 4482 1239 4544; x_wconf 84' lang='lat' dir='ltr'>decebat,</span> <span class='ocrx_word' id='word_1_324' title='bbox 1258 4484 1300 4534; x_wconf 86' lang='lat' dir='ltr'>lta</span> <span class='ocrx_word' id='word_1_325' title='bbox 1318 4482 1435 4533; x_wconf 86' lang='lat' dir='ltr'>alterins</span> <span class='ocrx_word' id='word_1_326' title='bbox 1453 4484 1514 4549; x_wconf 83' lang='lat' dir='ltr'>epi·</span> 
     </span>
     <span class='ocr_line' id='line_1_39' title="bbox 364 4564 1104 4625; baseline 0.019 -12"><span class='ocrx_word' id='word_1_327' title='bbox 364 4564 456 4617; x_wconf 88' lang='lat' dir='ltr'>stulae</span> <span class='ocrx_word' id='word_1_328' title='bbox 474 4568 555 4620; x_wconf 88' lang='lat' dir='ltr'>initio</span> <span class='ocrx_word' id='word_1_329' title='bbox 573 4570 675 4621; x_wconf 86' lang='lat' dir='ltr'>diserte</span> <span class='ocrx_word' id='word_1_330' title='bbox 693 4568 841 4625; x_wconf 83' lang='lat' dir='ltr'>iudicatur.</span> <span class='ocrx_word' id='word_1_331' title='bbox 1100 4568 1104 4575; x_wconf 72' lang='grc'>’</span> 
     </span>
    </p>
   </div>
   <div class='ocr_carea' id='block_1_9' title="bbox 0 0 1710 5409">
    <p class='ocr_par' dir='ltr' id='par_1_9' title="bbox 0 0 1710 5409">
     <span class='ocr_line' id='line_1_40' title="bbox 0 0 1710 5409; baseline 0 8"><span class='ocrx_word' id='word_1_332' title='bbox 0 0 1710 5409; x_wconf 95' lang='lat' dir='ltr'> </span> 
     </span>
    </p>
   </div>
  </div>
 </body>
</html>
