3409 5409
322 470 363 532 38
407 482 484 531 cnr.
509 479 545 531 11.
582 482 629 529 nn
653 481 848 529 vnrnmnvs
873 481 923 528 xn
947 480 1160 529 rnnvnnnvn
1181 480 1487 532 manarnnrrnvs.

322 658 398 703 enm
418 634 562 723 appellet
582 634 971 701 ‘litteratissimum'
987 633 1100 700 etalio
1121 635 1194 701 loco
1211 635 1324 718 (Brut.
1340 635 1364 700 l.
1384 637 1433 723 l.)
1451 646 1487 701 et

321 742 430 828 ipsum
454 748 488 803 ot
508 738 682 803 Decimum
702 738 840 804 fratrem
862 759 928 802 non
949 746 1018 801 tam
1040 737 1074 800 in
1100 736 1239 803 dicendo
1259 736 1486 804 admirabiles

322 864 421 930 quarn
443 842 556 905 doctos
578 850 612 904 ct
633 839 772 904 Graecis
793 839 912 905 litteris
934 849 968 905 ct
981 839 1124 905 Latinis.
1158 838 1202 903 cf.
1219 838 1258 904 0.
1275 840 1419 905 Iahnius
1437 841 1486 906 ad

322 945 355 1010 h.
371 943 393 1008 l.
424 941 520 1007 Alius
536 941 739 1028 inpromptu
755 952 805 1007 est
819 939 1020 1006 L.Valerins
1031 927 1136 1007 ¹IOtus
1148 940 1314 1006 Ciceronis
1331 941 1485 1007 familia-

322 1046 368 1111 ris
385 1042 443 1128 (ad
458 1044 538 1107 fam.
555 1042 609 1107 III
628 1045 643 1105 1
664 1043 764 1128 extr.)
774 1091 784 1125 ,
799 1043 843 1108 ad
858 1066 955 1131 quem
977 1044 1056 1110 data
1070 1053 1121 1109 est
1141 1043 1284 1130 epistula
1302 1044 1384 1108 libri
1399 1044 1419 1107 I
1435 1043 1484 1109 ad

321 1149 401 1212 fam.
429 1144 544 1209 ultima
570 1145 652 1211 satis
678 1144 736 1209 illa
760 1145 880 1211 festive
907 1148 1031 1234 scripta
1054 1184 1097 1197 -
1117 1145 1235 1234 quibus
1256 1155 1368 1210 tamen
1395 1145 1483 1211 loeis

324 1247 505 1334 significari
525 1245 658 1313 videtur
680 1269 796 1332 parum
820 1269 895 1312 cum
915 1248 1097 1334 profecisse
1116 1249 1151 1312 in
1170 1247 1251 1311 iuris
1273 1248 1395 1333 peritia
1416 1235 1483 1313 -Ξ

322 1351 415 1417 cuius
432 1348 522 1437 quod
538 1370 598 1435 per
612 1349 720 1413 iocum
736 1370 786 1435 ep.
802 1349 871 1414 VII
888 1352 926 1413 11
942 1372 1019 1415 cum
1029 1348 1163 1416 Laberii
1176 1348 1323 1434 iungitur
1337 1350 1481 1431 mentio,

322 1462 471 1535 nonest,
493 1472 551 1517 eur
570 1449 649 1515 inde
664 1472 738 1515 cum
754 1450 808 1517 vel
823 1450 1051 1516 Atellanarum
1070 1451 1125 1516 vel
1145 1451 1317 1515 mimorum
1337 1453 1480 1537 scripto

323 1578 392 1621 rem
417 1555 522 1619 fnisse
546 1562 672 1619 statuas
703 1576 775 1617 cnm
801 1553 988 1620 Ribbeckio
1014 1554 1105 1620 Gom.
1133 1552 1189 1617 lat.
1215 1576 1248 1638 p.
1275 1552 1337 1618 257
1363 1574 1415 1639 sq.
1441 1562 1482 1617 et

325 1657 461 1723 Hertzio
476 1657 521 1721 ad
536 1655 640 1719 Prisc.
657 1653 675 1718 I
690 1678 722 1741 p.
738 1655 812 1719 200.
821 1655 847 1740 ²)
868 1654 973 1740 ¹Haec
991 1656 1095 1740 igitur
1115 1654 1292 1720 difficultas
1313 1656 1348 1719 in
1362 1653 1479 1719 medio

325 1757 542 1844 relinquenda
557 1759 627 1822 erit.
1095 1810 1099 1818 .

409 1859 483 1925 Iam
497 1880 576 1924 vcro
591 1859 701 1923 missis
716 1861 781 1941 eis,
803 1881 884 1945 qnos
907 1859 1123 1925 confidentius
1146 1881 1245 1945 quam
1264 1856 1345 1924 lecit
1363 1858 1478 1923 exolu-

325 1960 403 2037 dere
419 1970 548 2048 poterat
563 1960 781 2045 Suringarus,
797 1960 843 2025 M.
857 1960 999 2043 Catone,
1015 1962 1057 2026 A.
1071 1960 1186 2042 Ofilio,
1203 1961 1300 2026 Ateio
1312 1960 1478 2047 Capitone

325 2072 471 2128 -certe
492 2061 607 2127 codem
627 2062 696 2127 iure
717 2063 817 2128 etiam
833 2062 1036 2146 Varronem,
1056 2062 1220 2144 Cincium,
1243 2063 1392 2128 Sinnium
1413 2062 1478 2128 Oa·

325 2166 487 2253 pitonem,
504 2163 657 2229 Verrium
672 2164 844 2248 Flaccum,
869 2166 926 2251 qui
945 2165 999 2230 hic
1019 2162 1086 2231 illie
1108 2164 1191 2250 legis
1206 2164 1423 2230 meminerunt
1433 2165 1477 2250 ³),

325 2268 360 2333 in
374 2267 590 2354 interpretum
609 2289 782 2333 numerum
796 2266 922 2332 referas
941 2276 1079 2354 —post
1098 2265 1232 2351 longum
1253 2268 1407 2353 temporis
1427 2268 1478 2330 in-

326 2368 502 2436 tervallum
518 2369 630 2435 statim
645 2369 689 2434 ad
703 2370 847 2435 Gaium
863 2369 1056 2435 devehimur
1070 2367 1241 2434 Hadriano
1257 2378 1291 2433 et
1305 2369 1477 2436 Antonino

326 2478 485 2558 regnante
500 2471 650 2537 ultimum
664 2470 748 2556 legin
764 2481 1063 2551 commentatorem.
1091 2470 1126 2535 Is
1142 2480 1252 2536 antem
1266 2493 1327 2557 pro
1342 2470 1479 2536 diversa

326 2596 406 2639 suae
421 2574 539 2639 aetatis
554 2572 665 2640 indole
679 2574 770 2639 viam
784 2574 827 2639 ab
842 2572 915 2637 istis
926 2574 1149 2659 grammaticis
1162 2572 1321 2637 munitam
1331 2572 1480 2637 desernit

329 2714 366 2724 -
382 2674 417 2739 id
433 2672 522 2761 quod
537 2696 578 2739 cx
593 2684 687 2761 parte
702 2675 769 2739 iam
786 2674 950 2739 Antistius
965 2673 1077 2741 Labeo
1094 2674 1173 2739 fecit
1188 2712 1228 2722 —-
1244 2684 1344 2762 atque
1362 2696 1477 2761 quam-

326 2798 426 2863 quam
442 2776 484 2841 ab
500 2776 580 2861 ipsis
597 2776 689 2841 urbis
705 2776 807 2840 initiis
825 2798 976 2861 egressus
991 2786 1042 2842 est
1053 2775 1091 2862 ⁴),
1107 2788 1217 2843 tamen
1232 2776 1267 2840 in
1281 2778 1476 2863 interpreta-

327 2880 414 2945 tione
430 2888 536 2943 certos
559 2876 754 2964 disciplinae
775 2900 854 2942 sune
875 2878 956 2943 fines
978 2902 1045 2944 non
1064 2880 1222 2945 excessit:
1245 2880 1301 2967 qui
1321 2901 1388 2943 non
1407 2886 1477 2942 tam

327 2980 433 3066 legem
448 2977 579 3063 exlege
594 2978 759 3065 explicare
780 2982 925 3067 suscepit
945 3002 1043 3066 quam
1066 3002 1105 3046 ea
1119 2982 1215 3068 quasi
1229 2978 1379 3047 vehiculo
1394 3002 1475 3045 usus

327 3090 379 3147 est
394 3080 438 3146 ad
452 3080 642 3146 interiorem
662 3081 743 3145 iuris
764 3080 965 3167 doctrinam,
986 3082 1092 3170 qualis
1113 3093 1259 3170 tempore
1279 3080 1477 3169 procedente

330 3356 398 3407 quor
416 3355 497 3406 quam
521 3339 633 3405 quinam
657 3340 822 3406 probaturus
845 3341 883 3390 sit
904 3356 1014 3391 versum
1033 3340 1058 3390 X
1076 3342 1109 3391 70
1131 3356 1165 3391 ex
1183 3340 1291 3392 Valerii
1312 3340 1407 3391 satiris
1428 3339 1475 3391 de-

328 3430 466 3493 sumptum
485 3439 555 3476 esse.
580 3424 638 3476 Nec
652 3425 722 3475 satis
741 3430 805 3492 apte
823 3426 874 3476 snb
886 3424 1032 3491 ‘Vallegii’
1050 3438 1178 3491 persona,
1192 3427 1270 3476 cuins
1287 3441 1322 3477 ex
1341 3426 1476 3477 ‘actione’

329 3524 427 3563 versus
446 3512 479 3561 de
498 3510 631 3561 Terentio
649 3512 787 3561 notissimi
810 3513 838 3561 in
857 3511 962 3561 Donati
980 3510 1170 3561 additamento
1193 3510 1229 3560 ad
1246 3511 1334 3561 vitam
1351 3512 1476 3561 Terentii

331 3594 530 3647 Suetonianam
550 3595 672 3647 citantur
691 3595 855 3648 ‘Valerium’
875 3610 990 3660 eumque
1009 3594 1143 3646 Soranum
1161 3594 1270 3647 Keilius
1293 3596 1431 3661 qnaesivit
1447 3596 1477 3646 in

332 3680 481 3745 Ephemor.
506 3680 562 3730 litt.
581 3680 648 3731 Hal.
667 3682 733 3731 1849
756 3698 781 3746 p.
801 3683 866 3731 4⁷0:
890 3694 943 3745 qno
965 3680 999 3730 de
1023 3680 1060 3733 cf.
1077 3680 1247 3732 Ritschelius
1268 3681 1298 3731 in
1322 3696 1416 3734 comm.
1441 3681 1477 3731 ad

330 3766 382 3815 vit.
396 3762 508 3815 Terent.
522 3767 605 3830 p.530
618 3764 658 3815 ed.
672 3764 753 3817 Reiff.
778 3764 884 3815 Valerii
896 3764 993 3815 Sorani
1005 3764 1090 3816 libros
1102 3762 1267 3817 ἑποπτίὸων
1279 3766 1387 3816 Plinius
1401 3765 1478 3817 novit

330 3850 363 3909 N.
382 3850 418 3900 Η.
438 3850 527 3915 praef.
548 3854 630 3903 exta:
650 3866 685 3901 ex
704 3850 802 3915 quibus
820 3849 914 3900 hausti
931 3850 1059 3901 videntur
1076 3866 1172 3901 versus
1194 3850 1228 3903 de
1246 3852 1312 3903 Iove
1332 3851 1404 3917 apud
1421 3850 1477 3901 An·

331 3918 472 4001 guatinum
491 3934 523 3987 C.
542 3934 577 3986 D.
598 3934 649 3987 Vll
668 3938 684 3986 9
703 3934 744 3999 (et
761 3934 899 4001 Mythogr.
918 3936 983 3986 Vat.
1002 3951 1029 4000 p.
1050 3934 1335 3999 monocentauri.
1435 3987 1437 3990 .

397 4018 419 4084 ²)
438 4020 531 4070 Verba
550 4022 630 4071 ‘nara
647 4022 712 4071 emm
726 4036 842 4082 perrona
860 4022 946 4071 induci
965 4027 1053 4085 potest
1071 4021 1219 4073 Britnarstci
1236 4022 1310 4072 lcu’
1329 4020 1365 4072 ad
1387 4020 1478 4071 lusum

273 4124 276 4131 ¹
330 4106 405 4157 inter
422 4104 575 4157 familiares
599 4105 757 4157 faciendum
781 4119 870 4169 aeque
894 4104 965 4155 bene
989 4110 1119 4171 spectare
1142 4111 1265 4172 possunt
1301 4107 1345 4157 De
1363 4105 1478 4157 Valerio

332 4190 473 4243 Catullo
491 4196 573 4258 pocta
592 4190 664 4243 male
682 4190 753 4241 haec
772 4194 942 4255 acceperunt
960 4190 1056 4241 etalii
1074 4192 1141 4243 etl.
1162 4192 1193 4242 G.
1215 4190 1375 4242 Huschkins
1392 4190 1427 4241 de
1445 4190 1478 4240 C.

330 4276 420 4328 Annio
439 4276 549 4329 Cimbro
568 4294 594 4342 p.
613 4278 646 4326 27
665 4292 692 4329 n.

400 4360 420 4425 ³)
441 4363 477 4415 ci.
496 4362 597 4412 Festus
617 4376 641 4426 p.
662 4362 710 4411 158
729 4360 863 4425 Murrata,
882 4376 910 4426 p.
932 4361 979 4411 162
997 4376 1063 4425 nec,
1082 4378 1109 4427 p.
1129 4360 1178 4413 173
1195 4365 1370 4428 nuncupata,
1388 4377 1415 4427 p.
1427 4364 1478 4413 321

331 4450 459 4509 sanates,
478 4462 504 4512 p.
522 4448 572 4499 363
590 4445 713 4500 talionis.

398 4529 420 4595 ⁴)
440 4531 477 4585 ol.
493 4532 631 4597 praelatio
648 4530 678 4581 in
695 4530 759 4595 Dig.
781 4532 803 4591 1,
823 4532 847 4590 t,
868 4532 891 4581 1.
