3409 5409
418 540 466 591 Du
488 540 674 591 DVODECIM
696 538 910 588 TABVLARVM
932 540 1104 588 MEMORIA.
1296 522 1335 589 17

189 704 222 760 to
247 718 352 782 usque
369 694 420 759 ad
448 696 532 761 sexti
556 696 687 761 initium
696 693 722 780 ¹)
743 717 785 760 ex
807 695 930 782 scripto
951 695 993 760 de
1012 694 1250 779 gubernatione
1271 694 1336 759 Dei

192 796 281 862 locus
297 798 384 863 VIII
399 798 420 863 5
436 801 536 861 ‘Intra
553 802 764 877 Curetuytncm
784 816 855 861 uero
874 817 1034 889 apparere
1045 804 1076 861 iu
1089 802 1199 877 pluteis
1211 808 1241 860 ct
1253 816 1336 861 com-

187 904 258 977 pitis
272 904 329 965 Dei
345 920 443 965 seruos
458 908 521 965 stuc
535 908 712 974 contumelia
728 911 815 980 utque
830 904 1021 964 execratione
1036 907 1087 964 uix
1101 906 1193 964 timuit.
1225 904 1335 962 Perse-

190 1009 335 1067 cuu'onem
350 1008 405 1067 hoc
420 1008 539 1083 quidem
551 1008 648 1081 fuisse
663 1025 721 1068 uua
736 1015 857 1084 putum,
880 1008 950 1081 quio
972 1022 1031 1067 urm
1047 1013 1076 1065 et
1089 1010 1180 1067 occu'si
1191 1015 1261 1067 suut
1275 1052 1282 1066 .
1302 1050 1309 1063 .
1327 1051 1333 1064 .

190 1108 252 1169 Sed
270 1111 300 1168 tu
322 1110 411 1170 urbe
436 1112 506 1169 illu
529 1126 587 1170 noa
610 1118 670 1170 tum
691 1112 839 1171 hominum
857 1108 1075 1181 suerunthuec
1086 1109 1231 1191 praeficta
1246 1122 1336 1183 quum

189 1213 318 1285 lecum.
364 1212 500 1285 Iutcrfict
524 1216 602 1273 enim
630 1217 830 1274 indemnatum
854 1227 1057 1288 quemcunque
1083 1213 1228 1272 homiuem
1248 1212 1337 1270 etiam

190 1312 273 1372 XII
290 1314 506 1376 tubulorum
529 1318 688 1377 decretu
710 1321 873 1376 uetuerunt.
910 1315 950 1374 In
971 1316 1235 1389 praecurretur,
1258 1311 1339 1387 quud

190 1430 303 1489 muana
318 1418 381 1477 r'tlr'c
392 1421 606 1493 praerocutivu
624 1420 791 1479 dominicae
807 1419 959 1491 relicturis
971 1416 1050 1489 suit:
1071 1417 1123 1476 uhi
1142 1417 1209 1475 ideo
1223 1419 1337 1474 tuntum

190 1521 282 1578 seruis
301 1520 359 1581 Det
376 1523 463 1582 licuit
480 1522 621 1588 madere,
647 1525 719 1597 quic
739 1540 758 1581 a
773 1522 1030 1599 percunctare
1051 1520 1170 1594 defensi
1189 1524 1271 1590 suut,
1299 1536 1337 1578 ue

192 1622 429 1685 suessionorum
438 1626 574 1685 monibus
584 1625 881 1687 trucidarentur'.-—
895 1620 961 1685 Hic
972 1631 1080 1686 autem
1094 1642 1198 1707 neque
1207 1620 1336 1685 ‘urbem

192 1722 294 1789 illam'
311 1722 409 1788 aliam
425 1744 497 1788 esse
512 1724 577 1787 nisi
593 1722 825 1809 Carthaginem
841 1746 946 1811 neque
954 1772 963 1806 ‚
984 1724 1033 1790 ibi
1054 1745 1139 1811 quae
1160 1722 1336 1802 valuerint,

191 1824 262 1890 XII
277 1825 464 1892 tabularum
484 1826 616 1891 decreta
631 1826 697 1891 alia
710 1826 777 1913 nisi
793 1825 1027 1892 decemviralis
1041 1826 1260 1891 certissimum
1275 1835 1337 1890 est.

191 1926 307 2016 Itaque
328 1939 467 2015 utroque
489 1926 577 2012 loco,
603 1940 641 1994 ut
660 1950 720 2015 par
742 1938 807 2010 est,
833 1929 869 1991 in
890 1950 1023 1994 censum
1045 1936 1163 1994 vocato
1185 1928 1252 1991 iam
1272 1949 1338 1991 non

190 2028 267 2094 licet
287 2030 455 2113 dubitare,
478 2032 557 2119 quin
578 2030 772 2117 Carthagini
787 2030 858 2095 XII
873 2029 1005 2095 tabulae
1024 2032 1139 2117 quinto
1155 2031 1253 2095 etiam
1268 2051 1337 2094 sae·

191 2130 264 2197 culo
284 2132 409 2199 fuerint
429 2136 464 2198 in
484 2134 556 2199 foro
576 2134 709 2199 affixae.
746 2132 839 2215 Quae
855 2155 908 2198 res
924 2144 962 2199 ut
976 2133 1149 2221 exploratu
1164 2131 1273 2198 facilis
1288 2141 1339 2196 est

192 2234 241 2299 ita
256 2234 422 2321 explicatu
438 2235 641 2302 difficillima.
672 2234 841 2301 incautius
858 2236 944 2300 enim
959 2246 1038 2323 agat
1057 2236 1188 2323 opinor,
1216 2236 1244 2299 si
1264 2234 1337 2321 quis

192 2336 270 2401 inde
291 2337 403 2401 statim
424 2338 548 2403 efficiat
566 2338 653 2401 hunc
674 2347 877 2404 constantem
896 2360 992 2403 usum
1011 2338 1114 2403 fuisse
1134 2338 1255 2425 populo
1275 2338 1338 2405 Ro·

193 2458 306 2521 mano,
328 2449 365 2503 ut
387 2440 439 2504 ius
461 2441 630 2526 antiquum
652 2450 750 2526 atque
771 2462 813 2505 ex
832 2449 926 2526 parte
942 2440 1127 2506 obsoletum
1142 2441 1176 2503 in
1192 2437 1337 2505 colonias

192 2562 322 2627 quoque
337 2548 600 2629 transportarent
614 2542 649 2629 in
664 2562 721 2606 aes
736 2540 890 2606 incisum:
915 2542 951 2606 id
971 2542 1061 2629 quod
1079 2564 1122 2608 ne
1135 2541 1253 2607 umbra
1267 2540 1338 2627 qui-

193 2641 268 2707 dem
283 2644 467 2728 argumenti
483 2642 615 2709 aliunde
629 2644 725 2731 petiti
740 2644 866 2709 nititur.
897 2646 944 2709 At
957 2654 1072 2711 notum
1088 2644 1188 2711 estin
1203 2642 1339 2709 Cartha·

191 2744 277 2830 ginis
299 2744 425 2811 deletae
446 2752 564 2833 atque,¹
590 2768 632 2810 ne
652 2768 807 2833 umquam
831 2746 1043 2831 incoleretur,
1071 2748 1210 2813 devotae
1230 2744 1339 2811 locum

192 2870 312 2913 novam
335 2847 496 2914 coloniam
517 2872 537 2913 a
558 2848 595 2914 C.
611 2848 760 2916 Graccho
781 2850 899 2916 deduci
920 2861 1070 2938 coeptam
1089 2860 1168 2937 post
1187 2870 1340 2937 repressa

194 2950 263 3014 eius
285 2950 423 3017 consilia
444 2952 594 3036 Augusto
617 2949 750 3016 demum
769 2952 951 3039 imperante
971 2975 1000 3018 a.
1023 2976 1055 3018 u.
1078 2951 1271 3019 DCCXXV
1292 2952 1337 3035 (a.

194 3052 269 3119 Chr.
286 3052 425 3138 XXIX)
441 3075 556 3141 reapse
572 3052 739 3119 conditam
754 3076 842 3120 esse:
866 3076 950 3141 quae
971 3065 1082 3121 tamen
1103 3063 1141 3121 ut
1153 3054 1262 3141 prima
1275 3052 1338 3118 Ro·

193 3174 363 3219 manorum
378 3164 473 3221 extra
488 3154 619 3221 Italiam
635 3154 762 3223 colonia
777 3156 944 3223 celebrata
958 3167 1019 3222 est.
1035 3156 1077 3221 cf.
1092 3155 1239 3221 Velleius
1254 3155 1272 3220 1
1289 3154 1339 3219 15.

193 3256 230 3321 Il
246 3257 264 3320 7
281 3256 364 3343 (15).
393 3256 507 3323 Potuit
522 3257 624 3342 igitur
639 3259 724 3341 fieri,
746 3269 783 3323 ut
803 3258 964 3344 singulari
984 3258 1082 3323 huius
1102 3258 1250 3325 coloniae
1265 3278 1340 3322 oon·

195 3358 324 3424 dicione
339 3357 422 3443 legis
438 3359 473 3423 in
487 3381 608 3425 novam
620 3361 788 3427 civitatem
801 3360 967 3426 sollemnis
978 3361 1122 3447 receptio
1134 3359 1339 3426 commenda·

194 3470 299 3525 retur:
316 3467 391 3525 utut
411 3480 463 3524 res
485 3460 650 3544 sehabet,
667 3463 730 3526 hoc
744 3462 877 3548 quidem
892 3484 987 3527 nemo
1003 3462 1139 3547 negabit
1152 3461 1242 3527 istud
1255 3460 1340 3545 legis

195 3560 364 3648 exemplar
385 3583 451 3625 non
471 3583 550 3626 sane
571 3570 738 3628 vetustum
759 3561 862 3627 fuisse
877 3584 938 3627 nec
954 3563 1124 3628 diversum
1139 3563 1181 3629 ab
1196 3564 1244 3627 eis
1261 3583 1338 3648 quo-

195 3686 270 3729 rum
284 3664 471 3749 fragmenta
485 3662 580 3734 nobie
596 3686 724 3751 quoque
737 3664 958 3731 innotuerunt.
988 3665 1060 3731 Iam
1078 3686 1157 3732 vero
1177 3687 1251 3730 cum
1266 3661 1340 3729 aliis

196 3766 341 3832 eadere
363 3764 558 3831 testimoniis
579 3763 676 3853 plane
697 3765 848 3835 destituti
869 3768 987 3851 simus,
1013 3791 1055 3833 ne
1077 3768 1114 3833 id
1133 3766 1267 3855 quidem
1286 3766 1340 3831 de

196 3869 286 3934 cerni
308 3869 446 3955 poterit,
468 3867 624 3956 quamdiu
645 3866 837 3956 Carthagini
858 3869 915 3937 lex
929 3871 1093 3936 extiterit:
1117 3892 1217 3957 quam
1231 3880 1342 3934 tamen

196 3969 375 4037 verisimile
394 3970 529 4036 videtur
548 3972 637 4038 intra
656 3958 759 4039 annos
779 3970 972 4039 IOCXCIII
993 3984 1027 4039 et
1046 3970 1270 4039 IOCXCVIII
1285 3970 1340 4035 de·

196 4094 285 4136 mum
300 4071 382 4137 urbe
397 4072 440 4137 ab
452 4074 620 4141 Arabibus
632 4075 799 4140 acerrimis
810 4085 1095 4142 monumentorum
1106 4072 1341 4139 litterariorum

196 4172 336 4238 inimicis
351 4172 531 4241 identidem
546 4184 643 4264 capta
657 4177 832 4243 interiisse.

265 4430 287 4499 ¹)
305 4434 374 4485 Nam
393 4434 439 4499 qui
457 4450 518 4485 enm
537 4449 561 4485 a.
578 4436 629 4487 485
648 4435 743 4487 dicunt
759 4440 895 4487 mortuum
913 4450 975 4487 esee
994 4435 1042 4500 (cl.
1055 4435 1211 4487 Dirksenus
1228 4435 1340 4499 Fragm.

197 4514 252 4568 Xll
270 4517 346 4569 labb.
365 4534 393 4584 p.
410 4521 427 4569 4
444 4535 471 4572 n.
483 4519 525 4583 4⁸)
543 4534 598 4570 non
615 4522 797 4572 memmerunt
814 4523 843 4571 in
857 4519 994 4571 Gennadii
1013 4521 1046 4570 de
1064 4521 1133 4571 viris
1151 4520 1252 4571 illustr.
1270 4518 1341 4570 libro

198 4618 224 4652 a.
243 4604 294 4654 496
312 4603 385 4655 edito
404 4603 437 4655 de
456 4604 589 4657 Salviano
607 4605 662 4657 dici
681 4622 705 4659 c.
723 4606 757 4657 94
775 4606 859 4655 ‘Viuit
875 4622 954 4673 mque
971 4606 1046 4657 hodie
1063 4609 1090 4657 r'a
1106 4612 1238 4657 senectute
1254 4605 1341 4657 horu!

250 4691 371 4745 Scuoell,
393 4694 457 4747 Legis
471 4695 510 4737 Xll
526 4697 569 4740 tab.
584 4696 645 4749 reliq.
1118 4689 1139 4752 2
