3409 5409
362 505 404 569 48
782 518 895 565 curve
917 518 1082 567 'asumma

362 672 529 759 antiquam
544 670 647 755 legem
663 670 765 736 fuisse
780 679 929 757 praestat
949 692 991 737 ex
1006 669 1179 736 Niebuhrii
1200 670 1363 736 sententia
1382 670 1532 757 fingere

249 804 253 856 ζ
362 795 458 861 quam
472 796 514 839 ex
530 772 693 837 Huschkii
709 771 749 837 de
765 772 835 838 iure
850 774 928 838 nexi
943 796 976 860 p.
994 772 1056 837 120
1070 794 1120 859 sq.
1141 771 1176 836 id
1192 770 1299 836 solum
1320 771 1424 837 fuisse
1441 772 1528 837 dis-

363 876 506 940 criminis
522 875 609 963 quod
625 874 667 939 ad
682 874 847 960 privatam
861 873 953 940 illam
973 892 1129 962 pesum,
1152 894 1252 960 quam
1271 874 1407 959 quidem
1427 874 1527 939 effu·

361 999 438 1063 gere
463 998 697 1064 saepenumero
725 976 855 1063 patricii
875 978 1008 1063 impune
1031 978 1216 1065 potuerint,
1244 998 1288 1041 ex
1313 976 1524 1063 plebeiscito

363 1077 467 1145 multa
482 1077 635 1145 aedilicia
649 1078 836 1144 accesserit.
1438 1130 1448 1148 .

446 1180 646 1246 Ammiani
661 1191 770 1245 autem
786 1179 892 1245 locum
907 1180 1085 1245 admodum
1099 1182 1201 1245 miror
1221 1182 1384 1247 anemius
1399 1180 1523 1245 adhuc

363 1303 476 1349 eorum
487 1283 543 1369 qui
557 1282 608 1347 his
625 1281 771 1371 reliquiis
786 1281 979 1367 colligendis
995 1304 1128 1369 operam
1139 1282 1310 1367 dederunt,
1324 1284 1426 1351 verbo
1441 1306 1521 1349 me·

362 1384 664 1467 moratum‚nedum
676 1384 865 1470 diligentius
877 1386 913 1448 in
923 1384 1098 1449 discrimen
1105 1396 1257 1451 vocatum
1265 1407 1347 1451 esse.
1359 1387 1412 1451 Ita
1421 1385 1520 1451 enim

364 1486 420 1551 ille
435 1486 475 1551 de
488 1484 609 1552 Iuliani
624 1486 775 1552 Caesaris
791 1487 972 1552 virtutibus
995 1509 1088 1552 orsus
1106 1487 1191 1553 XVI
1205 1487 1227 1553 5
1248 1492 1396 1553 ‘Primum
1415 1494 1520 1565 ipitur

359 1592 505 1667 factuque
520 1590 646 1664 difficile
666 1596 893 1669 temperantium
913 1594 977 1669 ipse
990 1594 1048 1653 sibi
1060 1594 1273 1668 indiciturque
1286 1594 1410 1655 retinuit
1427 1602 1519 1653 tum-

363 1711 452 1768 quum
468 1694 629 1755 adstrictus
649 1698 899 1771 sumptuariis
917 1696 1063 1770 lepidus
1077 1698 1189 1757 smeret
1206 1712 1343 1771 quusex
1362 1697 1518 1756 rhetris

362 1796 386 1855 L
392 1799 526 1872 prurpi
539 1802 568 1856 ct
583 1791 686 1875 (idest
700 1791 778 1859 libri
794 1793 960 1875 meliores,
976 1800 1044 1857 item
1059 1792 1221 1876 Gronov.)
1238 1799 1373 1858 axibus
1388 1796 1516 1871 (Soio-

363 1900 434 1973 nis)
450 1898 601 1958 Romam
616 1902 829 1961 translatos
845 1901 956 1975 diuque
969 1899 1146 1972 observatus,
1162 1908 1191 1959 et
1205 1896 1241 1980 (l.
1252 1895 1309 1981 set)
1318 1905 1517 1961 'senescentes

360 2003 506 2076 paulatim
521 2002 676 2077 repararit
690 2001 774 2077 Sylla
789 2003 936 2063 dictator:
955 2010 1100 2078 reputans
1114 2020 1154 2063 ex
1163 2003 1333 2078 praedictis
1346 2004 1518 2064 Democriti

362 2104 442 2177 quod
455 2103 637 2164 ambitiosam
651 2119 781 2163 mensum
793 2104 937 2181 fortuna,
950 2121 1079 2181 pureum
1094 2106 1187 2164 uirtus
1200 2105 1336 2181 adponit.
1367 2105 1409 2165 id
1428 2107 1514 2164 enim

362 2206 451 2265 etium
470 2204 656 2267 Tusctdunus
672 2206 743 2267 Cato
756 2208 922 2283 prudenter
936 2208 1093 2284 definiens,
1115 2209 1166 2267 cui
1181 2206 1315 2267 Censorii
1326 2222 1514 2282 mnumer-

363 2312 423 2367 tum
437 2310 546 2368 castior
560 2310 638 2369 uitae
652 2308 762 2369 indidit
775 2312 873 2370 cuitus
887 2313 1047 2383 ‘mupnu',
1072 2311 1181 2383 inquit,
1201 2310 1294 2369 ‘curu
1308 2310 1381 2383 citi,
1396 2324 1514 2382 mupnu

363 2412 478 2471 virtutis
492 2412 629 2472 incuriu’
645 2428 674 2472 e.
690 2430 721 2493 q.
738 2430 762 2474 s.
800 2407 866 2473 Ubi
881 2406 971 2472 haud
991 2407 1129 2472 obscure
1148 2404 1238 2491 leges
1254 2404 1327 2471 XII
1340 2405 1514 2491 significat

364 2508 552 2575 ‘translatas
568 2530 610 2573 cx
625 2509 771 2595 Lycurgi
791 2508 912 2575 rhetris
932 2518 966 2573 ct
986 2508 1106 2573 axibus
1123 2506 1179 2591 (cf.
1196 2506 1325 2573 Gellius
1341 2509 1376 2574 ΙΙ
1394 2508 1434 2572 12
1448 2508 1511 2594 in)

364 2609 505 2676 Solonis’
521 2609 582 2675 hoc
596 2612 683 2675 enim
698 2611 837 2676 alterum
851 2610 1015 2677 nomenis
1027 2609 1122 2675 libris
1134 2610 1512 2697 editionibusqueomis·

364 2734 436 2777 sum
451 2711 617 2799 supplevi,
633 2732 697 2799 quo
713 2734 823 2779 carere
839 2734 900 2778 nec
919 2734 978 2799 per
997 2721 1227 2797 argumentum
1248 2712 1348 2778 liceat
1368 2732 1430 2777 nec
1449 2732 1512 2797 per

299 2898 302 2903 Ι
364 2815 618 2880 concinnitatem
644 2814 818 2897 sermonis;
846 2856 887 2865 —
911 2816 1037 2880 frustra
1054 2824 1167 2889 ,autem
1187 2814 1377 2901 Lycurgum
1397 2813 1510 2901 potius

277 2924 283 2929 “
328 2921 335 2947 “
364 2914 723 3003 expellereWagnerus
739 2916 856 3001 maluit
873 2954 908 2965 -
927 2908 960 2984 et
974 2916 1017 2983 cf.
1029 2916 1135 2981 XXII
1153 2916 1203 2998 16,
1218 2916 1261 2980 22
1275 2919 1425 2980 ‘EtSoion
1436 2936 1511 2979 sen-

364 3024 461 3083 tentiis
479 3022 599 3083 udiutus
624 3024 753 3099 Aepppti
774 3024 962 3085 sacerdotum
989 3026 1059 3083 lutis
1077 3026 1153 3083 iusto
1175 3024 1379 3084 umdercmine
1397 3022 1511 3095 tepidus

364 3124 501 3183 Rmnuno
515 3138 629 3198 quoque
643 3127 706 3185 iuri
717 3128 881 3187 marimum
896 3126 1017 3186 uddidit
1029 3126 1272 3198 firmamentum?
1295 3119 1408 3186 Aurel.
1418 3118 1509 3185 Viet.

365 3220 611 3303 devientur,
629 3225 655 3285 1.
680 3224 885 3308 Augustinus
901 3222 938 3288 C.
954 3223 997 3287 D.
1013 3224 1048 3288 ΙΙ
1066 3224 1114 3290 16.
1139 3223 1290 3289 Isidorus
1305 3222 1361 3287 Or.
1378 3222 1410 3286 V
1427 3223 1457 3303 1,
1475 3222 1527 3311 1..
1565 3299 1568 3310 Ι

365 3324 436 3389 Iam
451 3345 494 3389 ex
510 3332 579 3389 tota
593 3322 688 3389 huius
704 3323 766 3389 loci
782 3326 910 3392 ratione
930 3326 991 3391 hoc
1013 3323 1208 3390 concludere
1223 3325 1375 3390 videmur
1388 3325 1423 3387 in
1437 3322 1509 3388 XII

364 3425 486 3492 tabulis
499 3428 718 3513 sumptuarias
731 3450 859 3515 quoquc
872 3427 960 3513 leges
974 3426 1077 3492 luisse
1088 3426 1206 3513 quibus
1224 3448 1356 3491 mensae
1379 3424 1510 3491 luxuria

364 3537 598 3595 extenuaretur
618 3530 716 3595 certis
745 3530 866 3597 finibus
891 3528 1151 3616 circumscripta:
1175 3539 1272 3615 atque
1292 3526 1408 3593 eodem
1427 3528 1510 3592 facit

363 3631 452 3717 quod
467 3629 559 3697 Sulla
574 3630 694 3697 dicitur
708 3632 781 3698 illas
797 3654 987 3720 reparasse,
1009 3652 1108 3718 quem
1122 3632 1274 3697 novimus
1295 3629 1367 3717 lage
1381 3631 1509 3695 cavisse

366 3743 415 3799 ‘ut
429 3740 575 3799 Kalendis
594 3738 698 3800 Idibus
717 3740 808 3801 Nonis
829 3739 990 3813 diebusque
1014 3738 1153 3798 ludorum
1172 3746 1201 3799 et
1223 3738 1314 3810 feriis
1334 3737 1507 3813 quibusdum

364 3842 551 3902 sollemnitas
564 3844 710 3903 sestertios
726 3846 901 3903 tricentenos
920 3842 951 3901 in
971 3857 1077 3902 cenum
1091 3843 1240 3901 imumere
1260 3842 1307 3899 ius
1322 3846 1508 3915 potestasque

364 3954 450 4016 esset,
473 3948 578 4005 ceteris
599 3952 697 4007 autem
719 3944 820 4007 diebus
839 3944 973 4005 omnibus
992 3961 1050 4004 non
1072 3946 1200 4019 amptius
1221 3945 1365 4004 tricenos'
1382 3935 1507 4003 Gallim

365 4042 466 4125 1124,
486 4042 535 4127 12,
553 4044 597 4110 cf.
612 4044 699 4111 Plut.
716 4042 796 4109 Sull.
812 4042 855 4109 35
869 4045 1042 4125 παρέβαινε
1064 4046 1101 4110 δὲ
1123 4044 1174 4108 καὶ
1195 4042 1236 4107 τὰ
1256 4042 1329 4121 περὶ
1350 4044 1408 4119 τῆ(
1422 4039 1507 4105 εὐτε·

365 4147 451 4213 λεία(
472 4152 539 4213 τῶν
562 4148 703 4213 δείπνων
727 4148 786 4211 ὑπ’
801 4148 904 4212 αὐτοῦ
925 4148 1102 4226 τεταγμένα
1123 4148 1188 4211 κτλ.
1210 4152 1243 4208 et
1257 4164 1363 4230 comp.
1379 4142 1460 4229 Lye.
1475 4151 1508 4206 et

366 4248 446 4314 Sull.
463 4250 499 4333 35
522 4248 640 4337 quibus
663 4272 704 4313 cx
725 4248 804 4315 locis
820 4247 981 4314 Macrobii
1001 4270 1093 4315 error
1107 4246 1319 4332 corrigendus
1335 4253 1387 4311 est
1401 4241 1455 4310 ΙΙΙ
1470 4244 1505 4310 17

391 4406 535 4415 amana—m.-
544 4408 567 4414 .-

367 4496 462 4546 fenore
481 4498 614 4543 statutum
632 4493 721 4544 irrisae
742 4494 895 4553 corrtcmlit,
915 4495 1030 4546 solidum
1049 4492 1256 4546 itrnriamentum
1280 4493 1439 4543 substruere
1464 4488 1506 4541 isti

366 4581 489 4647 opinioni
508 4580 671 4645 supersedit.
