3409 5409
361 505 408 569 oa
431 505 482 553 uu
505 506 719 555 rrevnunvu
741 506 920 568 uunrovns
942 507 1230 561 eonamrvaums.
1328 493 1370 559 19

218 668 326 725 66161
336 658 360 744 ¹)
392 660 532 727 Omnino
547 661 582 726 in
596 659 725 745 legibus
739 660 941 749 insequentia
957 663 1113 748 temporis
1133 661 1189 727 ille
1204 684 1300 749 quem
1315 684 1370 727 no·

219 762 295 827 tavi
310 760 441 829 dicendi
455 783 533 827 usus
549 759 646 827 latius
663 772 755 849 patet
769 763 812 829 61.
828 762 958 849 exlege
973 764 1060 831 Iulia
1076 772 1212 843 ‘eiusque
1220 772 1371 845 66666166

218 871 295 944 quei
307 872 384 929 66161
390 871 496 945 6611116
518 874 578 929 6616
587 872 606 945 ’,
627 863 699 931 Lex
718 864 850 949 agraria
869 862 969 931 l.101
991 869 1045 930 ‘ab
1064 873 1137 947 16616
1156 871 1372 946 heredibusque

217 986 328 1031 eorum
340 972 595 1047 persequutorum
611 965 654 1031 61.

309 1067 460 1155 Denique
481 1087 609 1133 summa
633 1068 685 1135 616
712 1069 928 1155 oppositionis
950 1090 988 1135 ao
1008 1071 1078 1136 fere
1097 1070 1227 1157 poetica
1247 1070 1295 1135 rei
1315 1070 1369 1135 de·

219 1170 361 1257 scriptio
383 1179 522 1257 apparet
541 1171 576 1235 in
595 1170 706 1237 verbis
728 1168 815 1235 VIII
830 1170 874 1235 24
893 1176 939 1235 ‘si
958 1179 1045 1236 161661
1067 1178 1372 1252 66661661166616

217 1278 432 1353 6666166116
453 1272 494 1338 de
513 1271 633 1360 quibus
653 1272 725 1337 iure
740 1270 855 1337 Cicero
878 1271 919 1337 de
940 1295 988 1337 or.
1004 1272 1058 1337 ΙΙΙ
1071 1274 1130 1355 39,
1149 1274 1209 1339 158
1232 1278 1370 1353 ‘Impru-

217 1380 327 1439 6166116
342 1380 393 1439 1611
405 1380 505 1439 emissi
518 1378 635 1438 6666166
644 1382 781 1454 propriis
795 1378 892 1438 verbis
904 1381 1018 1454 exponi
1036 1395 1096 1439 uua
1113 1383 1314 1455 meutiquam
1328 1387 1372 1438 661

216 1497 284 1541 uno
298 1482 469 1555 6166616616
483 1483 651 1541 transuta!
683 1474 749 1541 Sed
770 1474 890 1541 abhoc
910 1496 975 1539 non
997 1476 1103 1540 minus
1125 1499 1222 1562 quam
1241 1477 1284 1543 ab
1304 1475 1369 1541 illis

216 1579 500 1665 mirumquantum
516 1578 620 1643 distat
634 1578 720 1663 quod
742 1600 761 1643 6
775 1576 944 1643 Macrobio
966 1578 1032 1659 14,
1051 1577 1091 1641 19
1105 1578 1224 1643 citatur
1246 1582 1290 1642 ‘se'
1308 1598 1370 1643 aaa

213 1684 242 1757 f
242 1692 367 1745 661661
386 1683 532 1757 [661666
551 1687 614 1757 611,
630 1687 657 1743 61
671 1687 709 1743 im
724 1686 840 1759 occisit,
857 1686 1140 1743 16666666666616.’
1171 1679 1321 1765 Namque
1336 1682 1371 1745 in

215 1783 286 1847 hac
300 1804 336 1847 re
351 1793 388 1847 ut
403 1803 467 1868 qua
482 1782 624 1847 maxime
640 1781 793 1846 voluntas
808 1780 950 1846 hominis
964 1781 1144 1867 premenda
1158 1793 1243 1846 erat:
1265 1804 1370 1868 neque

215 1906 344 1951 caussa
369 1905 427 1949 cur
453 1882 666 1964 defendatur,
701 1882 822 1947 nedum
848 1904 906 1947 eur
934 1883 1140 1969 praeferatur
1168 1883 1295 1949 incerta
1322 1884 1370 1948 rei

216 1986 333 2051 factae
347 1984 492 2067 notatio,
515 1984 583 2051 nlla
602 1985 806 2072 inpromptu
829 1993 891 2051 cst.
922 1986 1073 2073 Augetur
1093 1994 1203 2049 autom
1224 1984 1302 2049 inde
1322 1986 1369 2050 61-

118 2151 121 2157 ,
219 2087 347 2168 166616,
364 2086 452 2173 quod
467 2108 572 2174 neque
588 2086 795 2153 accusativus
813 2092 885 2149 ‘im'
907 2097 959 2152 est
979 2108 1042 2171 quo
1061 2086 1243 2171 referatur,
1265 2108 1370 2173 neque

209 2188 452 2255 coniunctivus
475 2193 546 2253 ‘sit'
569 2186 702 2253 tolerari
723 2188 758 2253 in
779 2188 851 2273 lege
871 2185 939 2253 ullo
958 2184 1054 2252 modo
1073 2198 1196 2274 potest:
1223 2188 1258 2252 id
1283 2189 1370 2274 quod

220 2290 314 2355 infra
329 2312 424 2377 spero
440 2312 492 2355 me
508 2288 637 2376 planius
654 2312 725 2355 6666
740 2289 1040 2376 comprobaturum.
1065 2288 1153 2354 Hinc
1166 2290 1269 2375 igitur
1283 2292 1370 2376 quod

219 2394 290 2457 iam
306 2392 432 2457 Ouiaoii
449 2413 585 2457 acumen
601 2390 686 2457 vidit
702 2390 814 2478 (Obss.
835 2392 886 2473 11,
904 2391 960 2476 27)
976 2391 1204 2478 persuasitque
1219 2390 1370 2477 pluribus

219 2493 307 2579 legia
323 2494 559 2580 interpretibus
577 2501 616 2559 ‘si
624 2514 686 2559 666·
698 2496 817 2571 sartam
830 2496 853 2570 f
854 2500 920 2556 661
925 2499 950 2556 1’
966 2492 1058 2557 unice
1070 2492 1242 2579 probatur:
1259 2515 1369 2579 quem·

219 2594 402 2661 admodum
422 2593 494 2661 XII
513 2598 534 2663 3
555 2607 605 2663 est
631 2598 675 2659 ‘a'
698 2616 801 2661 servus
819 2598 940 2673 sartum
957 2592 1064 2671 suxit!
1100 2592 1229 2660 Eodem
1249 2593 1369 2659 ducere

175 2712 178 2719 “
220 2696 357 2794 vitietur
372 2695 471 2763 Gellii
493 2698 715 2763 testimonium
731 2697 1370 2781 Χ118,11116611666666616661666
1470 2714 1475 2723 ’

215 2803 310 2876 sarto
326 2820 456 2878 prensus
474 2810 562 2881 esset,
584 2814 645 2865 tum
666 2804 783 2865 1166666
808 2804 906 2865 cecidi
921 2806 1135 2879 permiserunt,
1158 2805 1187 2862 61
1209 2812 1276 2875 661,
1302 2820 1369 2863 cam

144 2946 148 2953 ,
216 2904 544 2979 strenuissumus,
560 2922 622 2965 666
636 2915 720 2983 66661,
738 2911 792 2967 661
805 2906 935 2967 interdiu
950 2908 1006 2965 1616
1019 2923 1065 2983 66,
1081 2922 1147 2966 acm
1159 2906 1369 2981 prenderetur,
1438 2980 1444 2991 ι

220 3006 423 3079 defenderet)
454 3003 497 3066 cf.
514 3002 618 3068 Gaius
641 3003 724 3070 Inst.
740 3002 795 3069 III
811 3004 884 3069 189.
913 3004 964 3067 Ac
983 3002 1063 3069 mihi
1084 3004 1214 3088 quidem
1236 3002 1306 3068 veri
1327 3002 1367 3067 61-

220 3104 300 3169 mile
315 3103 448 3170 videtur
462 3127 482 3168 6
494 3103 612 3187 Gellio,
630 3105 722 3170 cuius
738 3127 780 3171 cx
794 3104 880 3170 libro
891 3104 980 3170 VIII
993 3126 1081 3169 nune
1096 3104 1267 3191 deperdito
1281 3104 1369 3169 buno

222 3214 329 3272 totum
350 3204 457 3271 locum
478 3206 664 3272 Macrobius
692 3206 870 3293 exscripsit
890 3206 949 3292 (cf.
968 3206 1057 3272 VIII
1078 3208 1094 3271 1
1116 3207 1230 3293 inser.)
1253 3206 1369 3272 eodem

222 3308 323 3374 modo
335 3315 373 3371 ut
384 3307 453 3371 XX
468 3308 496 3387 1,
512 3309 550 3371 12
566 3312 709 3384 ‘faxsit’
726 3308 884 3394 scriptum
896 3308 1014 3373 fuisse:
1032 3330 1075 3373 ex
1088 3307 1151 3373 hae
1166 3310 1367 3373 6616666661-

222 3419 323 3497 ptura
337 3432 446 3475 errore
462 3409 533 3475 6166
548 3409 711 3477 Macrobii
727 3412 796 3475 6166
811 3408 939 3475 librarii
955 3414 1081 3487 ‘sacrm
1095 3415 1144 3475 611
1161 3421 1269 3475 ortum
1284 3432 1367 3475 6666.

309 3512 365 3577 Ad
386 3508 475 3579 aliud
495 3511 627 3577 accede.
657 3510 839 3597 Perpetuus
862 3522 912 3575 est
936 3520 970 3575 et
993 3512 1064 3575 aine
1092 3511 1284 3597 exceptione
1309 3534 1368 3597 per

224 3611 307 3699 Iegis
333 3623 507 3702 praecepta
532 3612 597 3681 sibi
623 3622 776 3680 constans
801 3613 1035 3699 imperativi
1059 3634 1155 3695 usus,
1181 3611 1235 3679 vel
1260 3614 1296 3677 in
1319 3614 1366 3678 616

224 3737 309 3801 quae
323 3714 542 3801 permittentia
557 3718 662 3802 magis
684 3738 782 3803 quam
796 3714 988 3801 imperantis
1004 3728 1082 3781 sunt
1100 3715 1144 3780 cf.
1160 3716 1212 3781 13
1229 3724 1268 3781 ‘se'
1280 3724 1367 3794 66161,

224 3837 364 3883 arceram
379 3840 416 3882 ne
429 3826 573 3897 sternito',
589 3819 679 3885 1114
699 3826 743 3883 ‘a'
763 3825 850 3893 66161,
867 3824 939 3898 plus
953 3822 1041 3882 uaro’
1058 3816 1101 3882 61.
1131 3816 1242 3899 Quare
1263 3819 1298 3883 in
1313 3818 1367 3885 ci-

225 3920 353 3987 ceronis
370 3942 416 3985 or.
433 3942 472 4007 pv
482 3919 590 3985 Tullio
607 3920 684 4003 §50
698 3925 830 3997 ‘Furem
847 3926 903 3985 boc
916 3925 1154 4001 6616666666661
1168 3928 1366 3994 6116166666,

225 4026 291 4086 luce
306 4027 404 4087 6661111
416 4032 514 4087 661661
526 4027 599 4087 XII
610 4026 744 4089 tabulae:
762 4042 829 4088 eum
849 4029 931 4086 iutra
944 4029 1077 4103 parietes
1091 4034 1155 4087 1666
1169 4028 1280 4087 bostem
1294 4044 1366 4089 cer-

225 4129 365 4189 tissimum
382 4136 496 4203 166666,
511 4131 571 4189 nisi
585 4128 889 4204 ε16616161161661111”
905 4131 1013 4203 iuquit,
1028 4131 1226 4190 6116661666
1241 4132 1297 4189 1616
1311 4148 1366 4190 66-

226 4233 318 4307 uerit,
335 4234 505 4293 6161616166
526 4234 581 4291 1616
600 4248 635 4291 66
655 4249 693 4293 66
707 4232 899 4309 6666666611,
921 4248 980 4291 noa
999 4234 1132 4293 oceides'
1154 4226 1302 4293 notanda
1316 4238 1367 4293 est

226 4346 335 4392 eorum
360 4328 523 4411 editorum
548 4330 691 4413 incuria,
712 4331 768 4417 qui
795 4338 865 4393 ‘eron
891 4336 1019 4396 oeeides’
1043 4330 1125 4416 legis
1147 4330 1251 4397 verba
1274 4329 1365 4395 iutel-

228 4462 427 4477 ''Kb-.-

295 4554 314 4618 ¹)
334 4554 370 4608 cI.
388 4554 549 4607 Iiuschkiua
566 4554 584 4607 l.
605 4554 621 4605 l.
640 4571 667 4621 p.
687 4555 743 4605 116.
