3409 5409
332 479 373 544 16
742 490 856 543 cnsvr
879 491 1056 555 ornsrvu.

306 648 531 737 “pronominis
557 654 647 728 ‘quis’
672 671 733 736 pro
757 646 848 727 ‘unffi
873 669 969 735 quem
994 646 1038 712 ad
1062 645 1217 714 foederis
1231 647 1342 714 Latini
1371 641 1479 714 verba

331 752 421 838 apud
436 751 571 816 Festum
591 773 623 838 p.
644 751 704 816 166
726 756 906 816 ‘Pecuniam
925 756 991 828 quis
1009 756 1161 822 nancitor,
1185 754 1307 815 habeto'
1328 749 1477 816 breviter

331 855 461 920 notavit
481 852 629 938 Scaliger
649 859 731 933 ‘quis
745 875 804 940 pro
825 860 879 932 qui
898 852 1094 933 texetxuc’z
1115 853 1174 919 ubi
1193 873 1366 940 perperam
1387 857 1476 931 ‘qui’

331 978 416 1022 corr.
432 956 650 1041 Augustinus.
679 953 805 1020 Eodem
819 954 963 1041 pertinet
976 954 1010 1023 in
1025 955 1099 1041 ipsa
1112 953 1185 1038 lege
1200 953 1270 1020 XII
1287 958 1397 1033 ‘quid
1415 958 1475 1018 lto-

331 1079 400 1124 rum
411 1062 476 1136 suit
488 1078 579 1121 unum
595 1061 689 1122 iudici
701 1061 850 1122 arbitrove
864 1077 964 1128 reove,
980 1075 1014 1120 eo
1029 1059 1102 1140 dies¹
1112 1060 1259 1134 diffensus
1279 1063 1354 1121 esio’
1372 1055 1473 1142 (112)

333 1184 385 1248 ap.
401 1161 537 1225 Festum
550 1159 670 1246 pata:
687 1179 751 1247 quo
765 1156 838 1226 loco
854 1158 1044 1225 Turnebum
1056 1159 1161 1224 secuti
1176 1163 1215 1222 ‘si
1227 1163 1311 1238 quid’
1329 1156 1476 1242 Scaliger

333 1272 366 1328 et
381 1262 421 1328 Ο.
436 1261 615 1327 Muellerus
631 1260 802 1340 dederunt.
822 1260 936 1347 Neque
952 1261 987 1324 in
1001 1259 1074 1346 lege
1090 1260 1181 1327 oleee
1196 1258 1370 1326 faciundae
1385 1257 1475 1346 apud

333 1363 491 1432 Catonem
507 1387 533 1430 r.
549 1387 577 1429 r.
591 1388 622 1428 e.
640 1363 700 1428 145
722 1367 866 1428 ‘homines
879 1383 929 1428 eos
943 1359 1013 1428 dolo
1028 1369 1081 1442 qui
1095 1367 1259 1444 placebunt
1275 1367 1477 1440 trutmoniae

332 1475 400 1548 aut)
414 1471 532 1532 oratorii
544 1477 598 1530 nat
611 1472 694 1544 quis
708 1484 774 1530 eam
788 1471 884 1530 oleum
898 1451 1013 1530 emerit‘
1029 1465 1146 1532 merito
1157 1463 1210 1531 vel
1226 1472 1291 1545 ‘qui
1308 1472 1386 1529 eom'
1404 1485 1475 1529 oor·

333 1579 490 1636 rexerunt
510 1568 636 1655 priores
659 1567 800 1633 editores
821 1567 875 1634 vel
892 1573 962 1646 ‘qui
979 1573 1061 1630 som’
1081 1588 1187 1653 nuper
1206 1567 1372 1633 Usenerus
1388 1565 1476 1631 Mus.

332 1671 381 1737 rh.
398 1670 486 1736 XIX
500 1694 534 1759 p.
551 1671 626 1735 144:
644 1679 677 1735 et
690 1679 779 1736 reete
793 1669 883 1756 apud
897 1667 1037 1734 eundem
1052 1668 1210 1734 Catonem
1225 1690 1254 1734 o.
1271 1669 1332 1734 148
1348 1676 1388 1734 ‘si
1406 1678 1477 1733 onio

332 1779 623 1854 aestimatorem,
639 1778 775 1837 dominus
788 1779 859 1837 aino
872 1777 935 1852 qui
940 1776 962 1836 d
981 1777 1057 1837 volet
1066 1774 1179 1848 societ’
1201 1771 1277 1837 inde
1292 1793 1312 1836 a
1326 1771 1476 1837 Viotorio

301 1913 304 1916 ⁴
333 1885 469 1942 servant
483 1875 639 1942 editores.
666 1874 760 1940 Idem
775 1883 886 1939 eutem
899 1895 979 1938 usus
994 1874 1029 1938 in
1044 1872 1139 1940 Osois
1154 1873 1373 1939 monumentis
1389 1894 1476 1940 com·

333 1989 428 2065 peret
448 1977 532 2068 Tab.
554 1977 651 2042 Bant.
674 2001 706 2042 v.
725 1978 764 2041 19
785 1983 850 2056 ‘pis
869 1997 936 2042 oeus
954 1979 1086 2040 Bantius
1101 1979 1185 2052 fust’
1210 1974 1232 2040 i.
1248 1997 1276 2040 e.
1298 1975 1371 2061 ‘qui
1392 1974 1476 2040 civis

333 2079 503 2145 Bantinus·
516 2080 577 2144 sit'
598 2088 631 2143 et
646 2078 740 2169 Cipp.
758 2076 867 2144 Abell.
890 2083 979 2142 ‘inim
995 2083 1055 2158 piri
1073 2084 1134 2142 esei
1152 2081 1318 2142 tiresour'ei'
1340 2077 1361 2142 i.
1379 2099 1407 2141 e.
1426 2084 1477 2141 ‘et

333 2181 495 2270 quidquid
510 2203 537 2245 s.
553 2180 641 2268 quod
660 2181 696 2244 in
716 2203 754 2246 eo
775 2179 927 2246 thesauro
943 2188 1011 2246 est’
1035 2179 1077 2244 of.
1094 2179 1316 2246 Mommsenus
1331 2178 1383 2244 De
1398 2175 1476 2244 Ital.

333 2282 499 2348 inferioris
514 2281 592 2348 dial.
607 2305 640 2369 p.
656 2282 731 2347 290.
780 2271 791 2296 ⁶
1255 2343 1258 2352 ,
1455 2345 1459 2353 ,

419 2384 611 2451 Tenendum
641 2395 693 2450 est
724 2395 834 2450 autem
866 2385 1030 2450 tertiam
1061 2405 1191 2472 semper
1224 2384 1259 2448 in
1291 2382 1476 2471 praeceptis

333 2509 543 2575 personam
557 2484 718 2572 intellegi,
733 2509 912 2574 numquam
927 2485 1079 2552 alteram:
1096 2497 1133 2552 ut
1147 2487 1215 2552 iam
1229 2485 1307 2552 inde
1321 2485 1476 2572 suspitio-

334 2590 385 2654 nis
400 2599 512 2655 notam
527 2588 627 2654 ducet
646 2589 734 2676 quod
754 2588 876 2653 iniuria
894 2587 959 2674 legi
979 2611 999 2652 a
1020 2588 1136 2656 Servio
1157 2589 1312 2676 imputari
1332 2586 1477 2654 vidimus

334 2698 423 2757 ‘neve
441 2697 571 2756 alenam
590 2703 717 2770 segetem
731 2697 938 2772 pellexeris'
962 2689 1063 2775 (VIII
1082 2691 1128 2776 7).
1161 2693 1271 2778 Atque
1295 2689 1357 2754 hoo
1376 2687 1478 2754 semel

335 2794 467 2880 saepius
482 2793 698 2878 neglexerunt
712 2793 770 2880 qui
790 2793 825 2857 in
844 2791 916 2878 lege
939 2793 1062 2859 versati
1082 2802 1173 2858 sunt:
1195 2802 1233 2858 ut
1253 2791 1323 2858 X5
1345 2795 1479 2856 ‘Homini

334 2909 448 2960 mortuo
462 2917 501 2959 ne
519 2915 587 2960 osso
605 2901 694 2973 legito
713 2915 770 2974 quo
787 2905 856 2974 post
870 2898 968 2972 sunus
984 2899 1103 2973 sociat’
1118 2894 1253 2961 fuerunt
1268 2895 1324 2981 qui
1339 2898 1476 2972 ‘socios'

335 2998 538 3082 corrigerent
552 3037 594 3046 -
608 2997 666 3063 ubi
685 2997 846 3062 Dirkseni
868 2998 951 3062 mira
972 3006 1027 3062 est*
1039 2997 1215 3088 haesitatio
1236 3019 1268 3084 p.
1285 2997 1404 3062 613-
1420 3005 1479 3062 aut

335 3099 385 3164 VI
406 3100 424 3164 7
446 3097 672 3164 Gothofredus
695 3098 787 3164 dedit
804 3102 952 3179 ‘Tigrem
976 3106 1107 3165 iunctum
1130 3103 1255 3164 oedibus
1280 3107 1417 3165 vineaeve
1439 3119 1478 3162 ae

335 3221 468 3281 concope
487 3212 517 3265 ei
535 3222 573 3265 ne
592 3207 711 3266 soluilo’
732 3210 791 3266 aut
810 3223 854 3266 ex
873 3202 964 3266 Festi
985 3201 1097 3287 glossa
1116 3225 1148 3288 p.
1163 3202 1228 3267 264
1248 3207 1395 3282 ‘rupitias
1409 3203 1482 3266 XII

335 3310 488 3382 significet
506 3307 649 3368 damnum
670 3307 803 3368 dederit'
828 3301 965 3370 Gentius
982 3303 1102 3390 aliique
1117 3289 1293 3370 effecerunt
1308 3308 1406 3384 ‘quod
1418 3324 1478 3369 ru-

204 3489 211 3502 .
333 3412 426 3487 pitius
443 3411 571 3470 sarcito’
586 3443 629 3454 —
644 3409 799 3470 ‘dederis’
821 3405 910 3492 apud
930 3405 1018 3470 Fest.
1040 3414 1179 3488 mutato;
1206 3405 1354 3490 neglexit
1379 3405 1478 3471 etism

335 3509 391 3597 qui
405 3529 510 3596 nuper
525 3530 567 3574 ex
581 3508 819 3594 Porphyrionis
834 3505 945 3572 verbis
961 3505 1124 3593 corruptis
1145 3505 1225 3572 haee
1245 3517 1390 3574 monstra
1404 3507 1479 3572 effe-

335 3611 381 3676 cit
394 3615 439 3675 ‘si
458 3617 490 3674 ia
505 3617 551 3675 ius
564 3616 691 3691 vocasti,
706 3616 739 3673 ni
757 3616 792 3686 a,
808 3615 986 3674 oritesiamio
1007 3615 1114 3688 initum·
1134 3631 1176 3674 en
1193 3611 1249 3695 (=
1263 3611 1339 3696 age)
1361 3615 1477 3689 capito’

335 3711 533 3778 Hauthalius
553 3711 589 3775 in
603 3710 725 3776 Annei.
743 3711 792 3776 rei
811 3733 961 3798 gymnas.
987 3711 1041 3794 18,
1057 3711 1120 3776 518
1135 3734 1184 3799 sq.
1215 3711 1279 3776 Ed.
1302 3710 1479 3778 Scholiast.

336 3812 417 3879 Hor.
434 3812 469 3878 Π
487 3815 502 3877 1
519 3835 552 3900 p.
571 3813 682 3896 165¹),
698 3836 766 3880 non
780 3812 909 3881 felicior
923 3811 979 3878 ille
995 3812 1122 3880 Rittero
1144 3814 1201 3901 qui
1222 3812 1302 3879 talia
1316 3835 1479 3882 commen-

336 3925 390 3981 tus
405 3925 471 3981 est:
489 3919 529 3980 ‘si
540 3922 585 3982 uis
599 3922 746 3981 vocationi
759 3928 867 3994 mrtem,
882 3935 949 3980 eum
965 3921 1077 3995 tangito
1091 3920 1169 3980 endo
1182 3920 1303 3996 capite?

406 4121 429 4190 ¹)
449 4122 502 4174 Oui
518 4123 591 4190 quod
608 4122 804 4176 ‘antestanuno’
823 4123 870 4176 rel
888 4122 960 4188 quod
978 4124 1085 4174 invenit
1103 4125 1287 4175 ‘amoriensis'
1306 4123 1398 4174 alters
1415 4126 1480 4174 tan·

336 4215 393 4259 tum
411 4223 531 4275 persone
548 4211 635 4260 statui
651 4225 734 4276 posse
752 4209 895 4272 rideatur,
913 4207 1102 4274 inspiciendus
1125 4207 1179 4258 fuit
1197 4208 1355 4274 Madvigius
1373 4207 1480 4274 Opuse.

336 4295 364 4344 Il
382 4311 410 4359 p.
427 4295 486 4345 240.
522 4293 647 4345 Tertiam
665 4294 753 4345 habes
772 4294 913 4357 ‘sarcimine'
932 4294 1002 4343 Tab.
1022 4292 1140 4348 Genuat.
1159 4295 1200 4346 32.
1219 4295 1400 4359 ‘profitemiuo'
1419 4293 1479 4344 Lex

337 4379 410 4430 Iulia
428 4395 501 4429 mun.
520 4383 546 4431 3.
565 4382 589 4434 ὅ,
609 4382 633 4432 tl.
654 4382 694 4429 11.
718 4381 935 4430 ‘denuntiarnino'
955 4379 1014 4428 Lex
1032 4377 1066 4429 de
1086 4379 1166 4443 aquis
1186 4393 1232 4444 sp.
1249 4377 1397 4428 Matinium
1416 4377 1480 4427 Aet.

336 4463 371 4514 fr.
390 4463 484 4515 Arsai.
503 4464 517 4513 1
534 4481 561 4529 p.
575 4467 616 4527 70,
638 4467 677 4516 16,
701 4467 827 4513 ‘consider
845 4464 1031 4529 appellatorias?
1051 4463 1087 4530 (i)
1108 4463 1206 4514 Cicero
1224 4461 1258 4512 de
1276 4462 1330 4528 leg.
1350 4461 1391 4512 111
1409 4460 1435 4526 a,
1455 4465 1480 4520 8.

337 4548 386 4599 ubi
404 4550 611 4613 ‘appeltamtnoe’
630 4549 767 4615 Bergkius
785 4548 858 4600 Phil.
878 4551 918 4614 14,
939 4549 995 4600 186.
