3409 5409
761 534 899 583 Tauron
921 534 996 583 Vlll.
1018 534 1066 583 lx.

428 793 533 858 Gaius
555 792 576 856 l.
595 792 643 856 IV
667 792 709 857 ad
730 791 835 877 legem
850 792 922 857 XII
937 791 1134 858 tabularum.
1158 792 1202 857 D.
1217 792 1270 875 47,
1292 794 1344 874 22,
1360 794 1392 858 4.
1417 794 1492 859 ‘So

344 894 435 959 dales
465 905 542 959 sunt
564 896 621 979 qui
643 893 789 959 eiusdem
812 892 942 979 collegii
969 904 1060 977 sunt,
1089 916 1188 981 quam
1209 895 1329 961 Graeci
1351 896 1491 977 ἑταιρίαν

342 1006 473 1062 uocant.
524 996 586 1060 His
613 1008 723 1062 autem
750 1005 947 1083 potestatem
980 997 1061 1062 facit
1093 994 1147 1061 lex
1179 997 1364 1083 pactionem
1393 1020 1492 1083 quam

343 1097 447 1163 uelint
475 1097 538 1162 sibi
561 1096 662 1179 forre,
686 1098 764 1164 dum
785 1120 827 1161 ne
854 1098 933 1184 quid
956 1121 999 1163 ex
1020 1098 1154 1185 publiea
1175 1099 1247 1184 lege
1270 1109 1489 1185 connmpant.

345 1200 411 1265 Sed
433 1198 515 1265 haec
535 1197 590 1264 lex
612 1198 745 1267 uidetur
768 1220 809 1264 ex
831 1198 903 1286 lege
926 1199 1055 1267 Solonis
1078 1199 1241 1266 translata
1263 1208 1348 1266 esse'
1370 1222 1398 1265 e.
1416 1224 1448 1289 q.
1465 1222 1492 1265 s.

659 1502 668 1511 ·
780 1402 966 1470 TABVLA
995 1402 1056 1468 IX.

878 1558 906 1623 1.
929 1556 958 1621 2.

321 1651 327 1661 ’
432 1659 548 1725 Cicero
572 1658 613 1725 de
634 1658 696 1744 leg.
721 1658 775 1726 III
799 1660 854 1740 19,
877 1658 929 1723 44.
967 1660 1070 1723 ‘Tum
1098 1659 1186 1743 leges
1209 1658 1493 1747 praeclarissimae

347 1763 388 1826 de
410 1761 583 1826 duodecim
606 1760 728 1826 tabulis
751 1759 891 1826 tralatae
914 1759 1017 1842 duae,
1040 1784 1178 1847 quarum
1200 1760 1304 1825 altera
1317 1760 1495 1847 priuilegia

346 1862 450 1942 tollit,
473 1862 578 1929 altera
600 1861 641 1927 de
668 1862 777 1948 capite
803 1862 885 1925 ciuis
918 1863 1028 1947 rogari
1055 1863 1119 1927 nisi
1146 1864 1291 1929 maximo
1320 1864 1496 1929 comitiatu

345 1973 446 2030 uetat.
475 1976 509 2030 et
535 1963 680 2029 nondum
708 1964 795 2028 notis
823 1962 988 2028 seditiosis
1018 1964 1158 2030 tribunis
1181 1962 1240 2051 pl,
1269 1986 1311 2030 ne
1338 1966 1494 2048 cogitatis

347 2066 480 2153 quidem
501 2064 730 2131 admirandum
752 2074 881 2130 tantum
903 2065 1036 2131 maioris
1058 2066 1093 2129 in
1108 2076 1276 2153 posterum
1292 2065 1493 2153 prouidisse:

346 2172 388 2233 in
414 2162 598 2255 priuatos
627 2168 808 2232 homines
840 2165 952 2253 leges
979 2168 1082 2233 ferri
1108 2166 1343 2233 noluerunt:
1379 2168 1414 2233 id
1443 2178 1496 2233 ost

348 2272 434 2336 enim
461 2268 671 2357 priuilegium
699 2321 707 2335 .
737 2316 745 2332 .
774 2319 783 2334 .
816 2269 933 2333 Ferri
967 2268 1014 2333 de
1041 2268 1218 2355 singulis
1247 2270 1327 2333 nisi
1357 2280 1494 2353 centu-

347 2373 471 2437 riatis
493 2370 671 2436 comitiis
694 2368 932 2436 noluerunt'
958 2393 984 2436 e.
1001 2394 1031 2460 q.
1048 2393 1072 2435 s.

433 2473 476 2538 cf.
500 2473 546 2539 ib.
567 2473 600 2555 4,
625 2473 675 2537 11.
709 2470 907 2557 ‘Priuilegia
928 2495 968 2539 ne
989 2473 1170 2558 irrogante.
1207 2472 1259 2538 De
1281 2472 1390 2559 eapite
1412 2472 1495 2539 ciuis

347 2576 413 2641 nisi
434 2597 493 2663 per
513 2575 694 2639 maximum
716 2574 921 2641 comitiatum
943 2572 1089 2662 ollosque
1107 2596 1189 2661 quos
1206 2596 1356 2640 censores
1372 2576 1407 2641 in
1423 2598 1495 2663 par·

350 2677 439 2743 tibus
462 2674 575 2765 populi
597 2676 756 2743 locassint
777 2699 819 2741 ne
840 2676 997 2742 ferunto.'

434 2879 562 2947 Gellius
584 2878 626 2944 N.
648 2881 691 2945 A.
715 2879 785 2944 XX
810 2883 839 2961 1,
863 2881 893 2945 7.
923 2880 1033 2945 ‘Dure
1056 2890 1165 2947 autem
1188 2881 1345 2968 scriptum
1367 2905 1440 2947 esse
1462 2882 1498 2945 in

348 2983 422 3047 istis
445 2982 575 3066 legibus
598 2980 679 3068 quid
700 2982 884 3047 existimari
905 2984 1037 3068 potest?
1071 2983 1135 3047 nisi
1158 2982 1274 3049 durem
1296 3006 1368 3049 esse
1391 2983 1496 3069 legem

349 3094 447 3170 putas
469 3104 553 3169 quae
575 3082 718 3147 iudicem
739 3082 943 3147 arbitrumue
966 3084 1038 3149 iure
1061 3084 1189 3167 datum,
1214 3088 1270 3172 qui
1291 3086 1333 3151 ob
1356 3108 1425 3151 rcm
1448 3085 1496 3151 di·

350 3182 489 3249 cendam
512 3184 685 3269 pecuniam
708 3184 874 3269 accepisse
896 3185 1065 3250 conuictus
1088 3196 1153 3268 est,
1176 3187 1284 3275 capite
1307 3187 1482 3273 poenitur.’

435 3388 623 3454 Marcianus
649 3386 672 3453 l.
696 3386 782 3453 XIV
809 3386 893 3455 Inst.
920 3388 963 3454 D.
986 3388 1044 3472 48,
1074 3390 1110 3471 4,
1141 3390 1172 3456 3.
1206 3390 1294 3455 ‘Lex
1323 3388 1497 3456 duodecim

419 3580 458 3631 1x
478 3583 501 3629 1.
521 3584 546 3630 2.
575 3580 673 3631 Cicero
691 3594 718 3644 p.
737 3577 808 3631 sest.
825 3580 874 3644 30,
893 3580 926 3629 65
953 3580 1037 3640 ‘Cur,
1057 3596 1118 3631 oum
1135 3579 1169 3630 de
1189 3581 1280 3647 capite
1301 3580 1421 3631 ciuis-
1441 3596 1496 3631 non

350 3666 414 3716 dieo
432 3664 585 3715 cuiusmodi
603 3664 674 3715 ciuis
692 3690 724 3698 —
742 3668 771 3713 et
788 3662 822 3712 de
839 3662 921 3719 bonis
939 3665 1105 3731 proscrIptio
1124 3664 1256 3728 ferretur,
1276 3680 1337 3715 cum
1357 3669 1386 3717 et
1403 3680 1496 3715 saera·

350 3752 388 3802 tis
405 3748 518 3815 legibus
536 3753 566 3799 et
583 3748 637 3797 ΧΠ
656 3746 760 3797 tabulis
778 3748 916 3797 sancitum
936 3755 1024 3813 esset,
1043 3754 1074 3799 ut
1087 3764 1177 3814 neque
1190 3748 1364 3816 priuilegium
1378 3750 1499 3817 irrogari

351 3835 451 3885 liceret
468 3848 559 3899 neque
579 3832 612 3883 de
631 3832 724 3897 eapite
743 3832 798 3883 nisi
817 3832 936 3883 comitiis
960 3834 1125 3883 centuriatis
1148 3834 1254 3901 rogari,
1278 3833 1357 3885 nulla
1379 3850 1432 3885 uox
1456 3840 1500 3885 est

352 3920 449 3971 audita
468 3917 639 3969 consulum?’
668 3916 710 3968 Id.
729 3933 755 3983 p.
774 3917 844 3968 dom.
866 3919 911 3982 17,
929 3920 962 3969 43
984 3918 1042 3981 (cit.
1060 3934 1104 3984 ap.
1123 3920 1234 3971 Festum
1252 3936 1279 3985 p,
1298 3920 1347 3969 241
1366 3919 1414 3982 Μ.)
1435 3924 1498 3970 ‘ue-

352 4010 414 4057 tant
437 4005 516 4073 leges
541 3998 805 4065 sacratae‚‘uetant
828 4002 883 4052 XII
904 4003 1016 4055 tabulae
1040 4002 1117 4069 leges
1139 4004 1258 4069 priuatis
1281 4004 1437 4055 hominibus
1460 4004 1497 4054 ir·

353 4092 461 4158 rogeri:
487 4089 516 4141 id
540 4094 583 4139 est
605 4088 678 4139 enim
700 4086 896 4153 priuilegium)
932 4088 973 4141 Id.
998 4088 1031 4139 de
1054 4088 1123 4155 Rep.
1142 4090 1170 4140 ΙΙ
1188 4092 1237 4156 36,
1260 4090 1291 4139 61
1311 4094 1381 4155 ‘qno
1404 4094 1499 4141 tamen

355 4196 370 4229 e
389 4174 510 4241 collegio
524 4172 574 4238 (se.
588 4173 772 4224 decemuirum
786 4171 901 4223 secundi
913 4172 989 4239 anni)
1003 4172 1065 4224 laus
1085 4178 1128 4225 est
1142 4174 1193 4224 illa
1205 4175 1308 4225 eximia
1322 4173 1433 4237 c.1un,
1453 4174 1499 4238 qui

352 4262 491 4315 hominem
508 4258 630 4312 nobilem
648 4258 681 4309 1..
694 4258 829 4324 Sestium,
849 4256 926 4308 cuius
944 4258 973 4307 in
992 4258 1119 4310 cubiculo
1132 4259 1270 4311 ecfossum
1288 4273 1349 4311 esse
1368 4274 1399 4310 sc
1417 4273 1497 4325 prae·

353 4352 432 4400 sento
454 4351 591 4397 mortuum
615 4344 735 4408 diceret,
760 4358 821 4395 euru
843 4345 905 4409 ipse
931 4346 1097 4409 potestatem
1120 4358 1253 4394 summam
1276 4344 1403 4405 haberet,
1427 4343 1499 4409 quod

355 4435 452 4485 docem
463 4433 554 4482 uirum
570 4432 631 4481 sine
644 4430 841 4495 prouocatione
861 4432 949 4490 esset,
968 4427 1055 4479 uades
1068 4432 1159 4479 tamen
1173 4430 1313 4493 poposcit:
1333 4428 1403 4495 quod
1417 4444 1445 4479 se
1459 4428 1499 4479 le-

354 4534 416 4585 gem
434 4517 512 4569 illam
531 4515 704 4583 praeclaram
722 4513 912 4581 neglecturum
935 4518 1066 4578 negaret,
1092 4528 1163 4579 quae
1185 4513 1219 4564 de
1243 4514 1337 4579 capite
1360 4513 1432 4563 ciuis
1456 4527 1499 4562 ro·

353 4604 428 4656 mani
445 4604 500 4652 nisi
519 4602 638 4653 comitiis
656 4598 820 4651 centuriatis
838 4598 924 4649 statui
942 4595 1070 4651 uetaret.¹
1108 4598 1145 4649 cf.
1165 4598 1202 4649 ib.
1222 4598 1263 4659 31,
1283 4599 1316 4649 64
1334 4594 1403 4662 (Ino.
1422 4594 1459 4661 d).
