3409 5409
284 498 363 547 cnr.
380 499 432 547 rn.
461 498 509 547 un
532 498 584 547 ru
608 498 822 547 rsevnssvu
844 500 1023 561 nnnrqvne
1046 500 1295 551 connrcsunrs.
1339 487 1381 550 39

204 653 327 717 auctis
350 651 469 717 studiis
491 652 649 719 solatius
671 654 864 740 propagatis
885 654 1003 720 effecta
1022 665 1108 737 erat,
1132 654 1374 722 illustrandam.

206 754 296 819 Hoc
310 754 396 819 enim
413 756 494 819 satis
510 754 628 821 docent
643 756 762 840 viginti
777 756 962 840 fragmenta
976 778 1060 843 quse
1075 780 1118 821 ex
1133 760 1376 825 commentariis

206 858 290 923 eius
306 864 463 942 excerpta
477 857 512 920 in
524 857 739 942 Digestorum
754 857 1019 944 compilationem
1034 859 1246 925 transierunt.
1257 861 1282 946 ¹)
1299 860 1374 926 Non

207 959 323 1043 igitur
343 958 533 1041 miraberis,
555 959 643 1045 quod
665 960 769 1025 Gaius
790 960 952 1046 quaedam
976 984 1093 1047 parum
1114 972 1210 1026 caute
1231 961 1298 1047 legi
1318 963 1374 1027 tri-

210 1060 298 1127 buit
318 1068 416 1147 etque
437 1060 525 1147 quod
548 1083 589 1125 ne
606 1062 710 1148 ipsius
726 1061 860 1148 quidem
874 1060 958 1147 legis
972 1062 1140 1149 exemplar
1155 1073 1314 1129 tractasse
1330 1065 1376 1130 vi-

214 1161 338 1246 detur,
356 1160 463 1228 sedin
479 1162 625 1251 priorum
639 1164 855 1251 interpretum
870 1166 1001 1251 scriptis
1018 1166 1235 1251 acquievisse.

310 1366 427 1451 Itaque
443 1364 515 1431 XII
530 1365 715 1433 tabularum
731 1367 958 1455 interpretatio
980 1369 1074 1435 initio
1096 1378 1198 1435 totam
1219 1371 1376 1456 iurispru-

216 1468 369 1535 dentiam
385 1466 641 1555 complessent,
660 1479 775 1554 postes
792 1472 1082 1554 grammaticorum
1103 1482 1136 1537 et
1156 1472 1376 1537 litteratorum

215 1570 344 1637 studiis
360 1570 544 1653 vindicata,
561 1580 726 1656 postremo
742 1570 776 1635 in
790 1593 913 1637 novum
927 1572 1009 1637 iuris
1022 1574 1179 1640 scientiae
1193 1576 1288 1659 quasi
1303 1575 1375 1639 hor-

215 1694 315 1738 reum
329 1682 464 1761 recepta
478 1696 499 1739 a
514 1694 643 1738 summa
659 1672 827 1738 doctrinae
842 1671 1007 1760 expolitae
1022 1677 1118 1762 copia
1138 1676 1256 1742 hausta
1277 1687 1328 1743 est
1343 1686 1376 1741 et

176 1772 184 1784 '
216 1774 354 1841 obruta.

700 1930 903 1941 —u———au—

571 2167 743 2244 CAPVT
772 2167 1019 2243 TERTIVM.

231 2392 295 2485 llll
332 2393 397 2484 Xll
432 2390 735 2485 TABVLARVM
771 2375 1013 2503 llllLIQVllS
1044 2390 1363 2487 GOlllGllNlllS.

305 2644 360 2710 Ex
375 2646 422 2710 sis
440 2668 524 2734 queo
540 2646 574 2710 in
595 2646 761 2733 prioribus
784 2644 922 2731 exposui
945 2643 987 2709 de
1001 2643 1084 2729 legis
1100 2647 1275 2728 memoria,
1293 2647 1373 2711 setis

219 2748 429 2833 cognoscitur
457 2748 488 2813 ei
517 2747 573 2835 qui
601 2750 636 2813 in
661 2746 808 2834 reliquiis
835 2745 1074 2832 investigandis
1098 2747 1246 2813 studium
1265 2743 1374 2835 'ponat

221 2872 382 2917 summam
397 2850 582 2917 cautionem
597 2848 822 2916 adhibendam
839 2871 929 2931 esse,
951 2871 993 2913 ne
1014 2848 1094 2935 quid
1110 2858 1277 2935 tamquam
1298 2874 1372 2936 pro·

220 2951 329 3041 prium
344 2952 410 3040 legi
425 2953 564 3041 recipiat
579 2953 669 3041 quod·
681 2952 735 3017 vel
747 2950 1020 3038 interpretatione
1030 2951 1230 3037 prudentum
1242 2952 1373 3018 demum

222 3055 361 3142 exlegis
387 3056 547 3121 institutis
570 3056 748 3143 repetitum
770 3052 882 3119 situel
902 3076 991 3119 mero
1013 3076 1125 3119 errore
1145 3054 1188 3119 ad
1204 3054 1274 3119 XII
1290 3056 1372 3120 refe-

222 3168 324 3224 ratur.
345 3159 455 3245 Atque
470 3159 562 3246 prius
578 3156 709 3245 quidem
725 3178 827 3243 genus
844 3154 933 3243 quod
948 3156 1015 3221 iam
1030 3178 1130 3243 supra
1146 3156 1241 3241 tetigi
1257 3168 1373 3245 suapte

220 3271 338 3325 natura
352 3270 477 3325 certum
497 3260 653 3325 iudicium
670 3280 905 3345 saepenumero
926 3280 992 3323 non
1013 3257 1173 3341 admittit3
1195 3270 1304 3324 tamen
1320 3269 1371 3325 est
1407 3268 1421 3280 “

221 3362 278 3427 ubi
300 3360 354 3427 vel
375 3363 431 3448 qui
452 3362 644 3447 diligentius
665 3358 762 3424 huius
790 3360 839 3424 rei
860 3361 1022 3425 rationem
1046 3358 1164 3425 habuit
1183 3360 1372 3425 Dirlrscnus

222 3464 342 3527 nimiae
357 3462 582 3548 indulgentiae
598 3460 798 3527 incusandus
814 3460 979 3526 videatur.
1004 3460 1070 3541 Qui
1082 3482 1146 3546 quo
1158 3460 1227 3525 iure
1239 3462 1373 3547 prodigi

222 3564 424 3629 curationem
439 3563 474 3628 in
489 3564 561 3649 lege
577 3564 651 3650 ipsa
666 3584 740 3626 cum
756 3560 875 3628 furiosi
890 3560 1099 3627 coniunctam
1115 3560 1219 3627 fuisse
1227 3561 1371 3649 Ulpiano

224 3665 417 3750 crediderit,
433 3666 499 3731 ianr
521 3667 645 3731 notavi.
670 3663 763 3730 Idem
779 3673 888 3729 autem
904 3685 979 3729 cum
995 3662 1061 3731 Gai
1084 3665 1152 3730 loco
1169 3662 1204 3729 H
1221 3664 1281 3729 157
1298 3668 1374 3730 ‘Sed

288 3889 308 3954 ¹)
332 3888 400 3941 Inde
426 3906 460 3943 ea
482 3890 533 3942 sub
557 3906 640 3941 unum
665 3892 842 3956 conspectum
867 3894 1001 3957 congesta
1024 3888 1168 3941 ediderunt
1187 3889 1372 3941 Gothofredus

221 3977 260 4041 (in
279 3976 390 4027 Ottonis
407 3976 490 4027 Thes.
508 3977 550 4027 111
574 3992 600 4042 p.
621 3974 692 4042 14⁷).
715 3974 885 4027 Heincecius
909 3974 983 4026 Hist.
1005 3975 1057 4025 iur.
1077 3974 1090 4025 1
1108 3977 1124 4025 2
1142 3974 1212 4036 fiee.
1241 3975 1370 4025 Homrne-

220 4060 275 4113 lius
291 4060 493 4127 palingenesis
514 4060 576 4111 libr.
597 4062 648 4115 ior.
669 4065 793 4111 veterum
813 4061 827 4111 l
845 4076 873 4125 p.
888 4061 935 4110 11⁷
948 4075 1009 4125 sqq.
1044 4061 1115 4111 Nam
1132 4063 1280 4125 praetcrea
1297 4074 1369 4124 quse

222 4161 254 4196 ex
273 4145 344 4197 Gaio
366 4144 496 4195 dicuntur
519 4145 593 4211 apud
615 4146 654 4197 Io.
674 4146 758 4199 Laur.
777 4144 885 4211 Lydum
908 4145 943 4195 de
965 4145 1070 4211 mag.1
1094 4144 1126 4196 26
1150 4148 1178 4195 et
1199 4146 1234 4195 34
1256 4148 1370 4195 servate

223 4246 297 4295 esse,
317 4229 382 4295 quin
400 4229 544 4303 Pomponii
562 4230 619 4279 sint
642 4246 675 4280 ex
701 4230 857 4296 fragmento
874 4230 983 4296 Digest.
1008 4229 1043 4279 de
1066 4230 1135 4295 orig.
1153 4228 1204 4281 iur.
1224 4228 1368 4293 desumpta

221 4330 272 4364 nec
290 4315 345 4365 nisi
368 4329 460 4366 errore
484 4314 512 4364 in
536 4314 716 4381 inscriptione
741 4316 886 4366 commisso
906 4315 977 4366 Gaio
1001 4314 1122 4377 tributa,
1146 4329 1201 4364 non
1223 4316 1289 4377 puto
1312 4315 1370 4364 iarn

221 4398 342 4451 dubitari
360 4414 440 4465 posse
459 4424 491 4435 -
511 4400 564 4451 etsi
581 4398 615 4451 de
635 4400 724 4451 sltsro
744 4404 820 4450 certe
839 4399 901 4451 loco
920 4400 1005 4451 etism
1017 4398 1177 4449 Huschkinn
1190 4397 1301 4449 dubitat
1313 4400 1367 4449 Inr.

222 4489 277 4534 snt.
296 4480 323 4549 p.
342 4486 393 4536 308
410 4500 437 4535 n.
455 4508 490 4521 -
508 4485 543 4535 el.
563 4484 705 4535 Heffterus
723 4484 795 4541 Mus.
812 4484 853 4538 rh.
871 4485 923 4535 iur.
941 4484 969 4535 11
988 4486 1038 4536 12³
1055 4497 1097 4547 sq.
1116 4482 1271 4535 Dirlrsenus
1290 4484 1368 4536 ‘Ver-

222 4568 336 4620 miselrte
355 4568 506 4621 Schriften’
525 4586 552 4636 p.
570 4569 602 4621 56
621 4582 681 4644 sqq.

1424 5067 1623 5235 [h
