<?xml version="1.0" encoding="UTF-8"?>
<!DOCTYPE html PUBLIC "-//W3C//DTD XHTML 1.0 Transitional//EN"
    "http://www.w3.org/TR/xhtml1/DTD/xhtml1-transitional.dtd">
<html xmlns="http://www.w3.org/1999/xhtml" xml:lang="en" lang="en">
 <head>
  <title>
</title>
<meta http-equiv="Content-Type" content="text/html;charset=utf-8" />
  <meta name='ocr-system' content='tesseract 3.04.00' />
  <meta name='ocr-capabilities' content='ocr_page ocr_carea ocr_par ocr_line ocrx_word'/>
</head>
<body>
  <div class='ocr_page' id='page_1' title='image "./legisdvodecimta01schgoog_0014.png"; bbox 0 0 3409 5409; ppageno 0'>
   <div class='ocr_carea' id='block_1_1' title="bbox 662 522 1345 571">
    <p class='ocr_par' dir='ltr' id='par_1_1' title="bbox 662 522 1345 571">
     <span class='ocr_line' id='line_1_1' title="bbox 662 522 1345 571; baseline 0.003 -3"><span class='ocrx_word' id='word_1_1' title='bbox 662 522 873 571; x_wconf 68' lang='lat' dir='ltr'><strong>¹PRAEFA&#39;I&#39;IO</strong></span> <span class='ocrx_word' id='word_1_2' title='bbox 1308 522 1345 570; x_wconf 82' lang='lat' dir='ltr'><strong>lx</strong></span> 
     </span>
    </p>
   </div>
   <div class='ocr_carea' id='block_1_2' title="bbox 93 679 1422 4434">
    <p class='ocr_par' dir='ltr' id='par_1_2' title="bbox 195 679 1348 1984">
     <span class='ocr_line' id='line_1_2' title="bbox 199 679 1347 760; baseline 0 -21"><span class='ocrx_word' id='word_1_3' title='bbox 199 679 338 739; x_wconf 85' lang='lat' dir='ltr'><strong>Tametsi</strong></span> <span class='ocrx_word' id='word_1_4' title='bbox 368 679 555 739; x_wconf 88' lang='lat' dir='ltr'><strong>monendum</strong></span> <span class='ocrx_word' id='word_1_5' title='bbox 578 690 626 739; x_wconf 88' lang='lat' dir='ltr'><strong>est</strong></span> <span class='ocrx_word' id='word_1_6' title='bbox 654 681 687 739; x_wconf 92' lang='lat' dir='ltr'><strong>in</strong></span> <span class='ocrx_word' id='word_1_7' title='bbox 717 681 779 741; x_wconf 88' lang='lat' dir='ltr'><strong>illis</strong></span> <span class='ocrx_word' id='word_1_8' title='bbox 807 681 876 740; x_wconf 93' lang='lat' dir='ltr'><strong>XII</strong></span> <span class='ocrx_word' id='word_1_9' title='bbox 907 681 1083 760; x_wconf 73' lang='lat' dir='ltr'><strong>praeceptis</strong></span> <span class='ocrx_word' id='word_1_10' title='bbox 1108 680 1221 739; x_wconf 90' lang='lat' dir='ltr'><strong>nummi</strong></span> <span class='ocrx_word' id='word_1_11' title='bbox 1249 700 1347 759; x_wconf 87' lang='lat' dir='ltr'><strong>genus</strong></span> 
     </span>
     <span class='ocr_line' id='line_1_3' title="bbox 199 781 1344 860; baseline -0.001 -19"><span class='ocrx_word' id='word_1_12' title='bbox 199 781 330 860; x_wconf 83' lang='lat' dir='ltr'><strong>exprimi</strong></span> <span class='ocrx_word' id='word_1_13' title='bbox 358 781 482 840; x_wconf 85' lang='lat' dir='ltr'><strong>solitum</strong></span> <span class='ocrx_word' id='word_1_14' title='bbox 508 803 572 843; x_wconf 93' lang='lat' dir='ltr'><strong>non</strong></span> <span class='ocrx_word' id='word_1_15' title='bbox 601 782 705 844; x_wconf 85' lang='lat' dir='ltr'><strong>fuisse.</strong></span> <span class='ocrx_word' id='word_1_16' title='bbox 750 784 829 843; x_wconf 87' lang='lat' dir='ltr'><strong>Nam</strong></span> <span class='ocrx_word' id='word_1_17' title='bbox 856 784 935 842; x_wconf 89' lang='lat' dir='ltr'><strong>sient</strong></span> <span class='ocrx_word' id='word_1_18' title='bbox 959 782 1082 842; x_wconf 85' lang='lat' dir='ltr'>VIII4</span> <span class='ocrx_word' id='word_1_19' title='bbox 1110 783 1206 841; x_wconf 85' lang='lat' dir='ltr'><strong>habet</strong></span> <span class='ocrx_word' id='word_1_20' title='bbox 1234 784 1277 841; x_wconf 77' lang='lat' dir='ltr'><strong>‘cr&#39;</strong></span> <span class='ocrx_word' id='word_1_21' title='bbox 1303 789 1344 841; x_wconf 82' lang='grc'><strong>10-</strong></span> 
     </span>
     <span class='ocr_line' id='line_1_4' title="bbox 196 882 1347 965; baseline 0.002 -24"><span class='ocrx_word' id='word_1_22' title='bbox 196 888 303 941; x_wconf 65' lang='lat' dir='ltr'><strong>iuriam</strong></span> <span class='ocrx_word' id='word_1_23' title='bbox 323 885 430 958; x_wconf 71' lang='lat' dir='ltr'><strong>sexul,</strong></span> <span class='ocrx_word' id='word_1_24' title='bbox 454 888 546 943; x_wconf 81' lang='lat' dir='ltr'><strong>XXV</strong></span> <span class='ocrx_word' id='word_1_25' title='bbox 557 903 671 959; x_wconf 84' lang='lat' dir='ltr'><strong>poenae</strong></span> <span class='ocrx_word' id='word_1_26' title='bbox 688 886 792 945; x_wconf 81' lang='lat' dir='ltr'><strong>sunto&#39;</strong></span> <span class='ocrx_word' id='word_1_27' title='bbox 816 916 858 927; x_wconf 92' lang='lat'><em>-</em></span> <span class='ocrx_word' id='word_1_28' title='bbox 882 884 991 965; x_wconf 88' lang='lat' dir='ltr'><strong>quibus</strong></span> <span class='ocrx_word' id='word_1_29' title='bbox 1009 885 1071 943; x_wconf 87' lang='lat' dir='ltr'><strong>vim</strong></span> <span class='ocrx_word' id='word_1_30' title='bbox 1093 884 1210 943; x_wconf 81' lang='lat' dir='ltr'><strong>faciunt</strong></span> <span class='ocrx_word' id='word_1_31' title='bbox 1226 882 1347 945; x_wconf 83' lang='lat' dir='ltr'><strong>Gellius</strong></span> 
     </span>
     <span class='ocr_line' id='line_1_5' title="bbox 198 986 1346 1063; baseline 0.001 -19"><span class='ocrx_word' id='word_1_32' title='bbox 198 986 310 1045; x_wconf 76' lang='lat' dir='ltr'><strong>‘XXV</strong></span> <span class='ocrx_word' id='word_1_33' title='bbox 332 989 414 1045; x_wconf 78' lang='lat' dir='ltr'><strong>arses</strong></span> <span class='ocrx_word' id='word_1_34' title='bbox 446 1008 470 1047; x_wconf 86' lang='lat' dir='ltr'><strong>s.</strong></span> <span class='ocrx_word' id='word_1_35' title='bbox 506 993 586 1045; x_wconf 77' lang='lat' dir='ltr'><strong>oeric</strong></span> <span class='ocrx_word' id='word_1_36' title='bbox 611 1008 642 1063; x_wconf 85' lang='lat' dir='ltr'><strong>p.</strong></span> <span class='ocrx_word' id='word_1_37' title='bbox 671 988 714 1047; x_wconf 78' lang='lat' dir='ltr'><strong>a&#39;</strong></span> <span class='ocrx_word' id='word_1_38' title='bbox 737 986 817 1049; x_wconf 91' lang='lat' dir='ltr'><strong>XVI</strong></span> <span class='ocrx_word' id='word_1_39' title='bbox 846 988 901 1060; x_wconf 87' lang='lat'><strong>10,</strong></span> <span class='ocrx_word' id='word_1_40' title='bbox 932 988 962 1047; x_wconf 87' lang='grc'><strong>8.</strong></span> <span class='ocrx_word' id='word_1_41' title='bbox 996 987 1060 1046; x_wconf 90' lang='lat' dir='ltr'><strong>XX</strong></span> <span class='ocrx_word' id='word_1_42' title='bbox 1095 989 1127 1059; x_wconf 93' lang='grc'><strong>1,</strong></span> <span class='ocrx_word' id='word_1_43' title='bbox 1158 986 1213 1058; x_wconf 87' lang='grc'><strong>12,</strong></span> <span class='ocrx_word' id='word_1_44' title='bbox 1248 988 1346 1062; x_wconf 71' lang='lat' dir='ltr'><strong>‘quin-</strong></span> 
     </span>
     <span class='ocr_line' id='line_1_6' title="bbox 197 1086 1346 1168; baseline 0.001 -22"><span class='ocrx_word' id='word_1_45' title='bbox 197 1106 254 1163; x_wconf 80' lang='lat' dir='ltr'><strong>que</strong></span> <span class='ocrx_word' id='word_1_46' title='bbox 277 1097 304 1147; x_wconf 81' lang='lat' dir='ltr'><strong>et</strong></span> <span class='ocrx_word' id='word_1_47' title='bbox 326 1094 426 1166; x_wconf 76' lang='lat' dir='ltr'><strong>vipinti</strong></span> <span class='ocrx_word' id='word_1_48' title='bbox 446 1094 660 1149; x_wconf 74' lang='lat' dir='ltr'><strong>sertertioam’</strong></span> <span class='ocrx_word' id='word_1_49' title='bbox 692 1090 770 1151; x_wconf 86' lang='lat' dir='ltr'><strong>adeo</strong></span> <span class='ocrx_word' id='word_1_50' title='bbox 798 1089 913 1150; x_wconf 85' lang='lat' dir='ltr'><strong>Paulus</strong></span> <span class='ocrx_word' id='word_1_51' title='bbox 940 1090 973 1148; x_wconf 93' lang='lat' dir='ltr'><strong>in</strong></span> <span class='ocrx_word' id='word_1_52' title='bbox 998 1086 1078 1148; x_wconf 80' lang='lat' dir='ltr'><strong>Coll.</strong></span> <span class='ocrx_word' id='word_1_53' title='bbox 1101 1088 1135 1147; x_wconf 96' lang='lat' dir='ltr'><strong>II</strong></span> <span class='ocrx_word' id='word_1_54' title='bbox 1158 1088 1192 1161; x_wconf 83' lang='lat'><strong>5,</strong></span> <span class='ocrx_word' id='word_1_55' title='bbox 1216 1089 1235 1145; x_wconf 81' lang='lat'><strong>5</strong></span> <span class='ocrx_word' id='word_1_56' title='bbox 1257 1108 1346 1168; x_wconf 87' lang='lat' dir='ltr'><strong>prae·</strong></span> 
     </span>
     <span class='ocr_line' id='line_1_7' title="bbox 196 1188 1347 1271; baseline 0 -22"><span class='ocrx_word' id='word_1_57' title='bbox 196 1198 324 1270; x_wconf 86' lang='lat' dir='ltr'><strong>postera</strong></span> <span class='ocrx_word' id='word_1_58' title='bbox 346 1192 535 1271; x_wconf 75' lang='lat' dir='ltr'><strong>cogitatione</strong></span> <span class='ocrx_word' id='word_1_59' title='bbox 556 1192 726 1253; x_wconf 83' lang='lat' dir='ltr'><strong>inserentes</strong></span> <span class='ocrx_word' id='word_1_60' title='bbox 751 1192 804 1270; x_wconf 88' lang='lat' dir='ltr'><strong>(cf.</strong></span> <span class='ocrx_word' id='word_1_61' title='bbox 826 1192 972 1270; x_wconf 89' lang='lat' dir='ltr'><strong>Prolegg.</strong></span> <span class='ocrx_word' id='word_1_62' title='bbox 995 1210 1027 1270; x_wconf 90' lang='lat' dir='ltr'><strong>p.</strong></span> <span class='ocrx_word' id='word_1_63' title='bbox 1052 1192 1101 1251; x_wconf 82' lang='lat'><strong>78.</strong></span> <span class='ocrx_word' id='word_1_64' title='bbox 1137 1188 1347 1250; x_wconf 80' lang='lat' dir='ltr'><strong>Mommsenus</strong></span> 
     </span>
     <span class='ocr_line' id='line_1_8' title="bbox 196 1291 1348 1373; baseline 0.002 -23"><span class='ocrx_word' id='word_1_65' title='bbox 196 1291 216 1350; x_wconf 93' lang='lat' dir='ltr'><strong>l.</strong></span> <span class='ocrx_word' id='word_1_66' title='bbox 237 1312 262 1352; x_wconf 93' lang='lat' dir='ltr'><strong>c.</strong></span> <span class='ocrx_word' id='word_1_67' title='bbox 279 1314 309 1373; x_wconf 88' lang='lat' dir='ltr'><strong>p.</strong></span> <span class='ocrx_word' id='word_1_68' title='bbox 326 1294 386 1353; x_wconf 80' lang='lat'><strong>302</strong></span> <span class='ocrx_word' id='word_1_69' title='bbox 405 1314 438 1353; x_wconf 93' lang='lat' dir='ltr'><strong>n.</strong></span> <span class='ocrx_word' id='word_1_70' title='bbox 454 1294 523 1373; x_wconf 82' lang='lat'><strong>38):</strong></span> <span class='ocrx_word' id='word_1_71' title='bbox 551 1326 584 1337; x_wconf 91' lang='lat'><strong>—-</strong></span> <span class='ocrx_word' id='word_1_72' title='bbox 611 1294 654 1353; x_wconf 84' lang='lat' dir='ltr'><strong>ita</strong></span> <span class='ocrx_word' id='word_1_73' title='bbox 675 1295 757 1355; x_wconf 88' lang='lat' dir='ltr'><strong>idem</strong></span> <span class='ocrx_word' id='word_1_74' title='bbox 780 1294 865 1354; x_wconf 85' lang='lat' dir='ltr'><strong>facili</strong></span> <span class='ocrx_word' id='word_1_75' title='bbox 887 1295 1012 1373; x_wconf 88' lang='lat' dir='ltr'><strong>negotio</strong></span> <span class='ocrx_word' id='word_1_76' title='bbox 1034 1313 1186 1373; x_wconf 76' lang='lat' dir='ltr'><strong>agnoscas</strong></span> <span class='ocrx_word' id='word_1_77' title='bbox 1209 1294 1291 1352; x_wconf 87' lang='lat' dir='ltr'>VIII</span> <span class='ocrx_word' id='word_1_78' title='bbox 1308 1296 1348 1352; x_wconf 91' lang='lat'><strong>10</strong></span> 
     </span>
     <span class='ocr_line' id='line_1_9' title="bbox 197 1394 1348 1476; baseline 0.001 -24"><span class='ocrx_word' id='word_1_79' title='bbox 197 1395 231 1452; x_wconf 92' lang='lat' dir='ltr'><strong>in</strong></span> <span class='ocrx_word' id='word_1_80' title='bbox 254 1394 349 1453; x_wconf 90' lang='lat' dir='ltr'><strong>XXV</strong></span> <span class='ocrx_word' id='word_1_81' title='bbox 372 1396 474 1456; x_wconf 87' lang='lat' dir='ltr'><strong>aeris</strong></span> <span class='ocrx_word' id='word_1_82' title='bbox 498 1417 600 1475; x_wconf 86' lang='lat' dir='ltr'><strong>poena</strong></span> <span class='ocrx_word' id='word_1_83' title='bbox 628 1406 754 1476; x_wconf 88' lang='lat' dir='ltr'><strong>propter</strong></span> <span class='ocrx_word' id='word_1_84' title='bbox 783 1396 922 1455; x_wconf 83' lang='lat' dir='ltr'><strong>arborem</strong></span> <span class='ocrx_word' id='word_1_85' title='bbox 949 1396 1098 1461; x_wconf 80' lang='lat' dir='ltr'><strong>succisam</strong></span> <span class='ocrx_word' id='word_1_86' title='bbox 1128 1404 1244 1455; x_wconf 85' lang='lat' dir='ltr'><strong>statuta</strong></span> <span class='ocrx_word' id='word_1_87' title='bbox 1264 1395 1348 1453; x_wconf 93' lang='lat' dir='ltr'><strong>Plin.</strong></span> 
     </span>
     <span class='ocr_line' id='line_1_10' title="bbox 196 1495 1347 1575; baseline 0.001 -22"><span class='ocrx_word' id='word_1_88' title='bbox 196 1495 294 1554; x_wconf 89' lang='lat' dir='ltr'>XVII</span> <span class='ocrx_word' id='word_1_89' title='bbox 319 1498 351 1568; x_wconf 89' lang='lat'><strong>1,</strong></span> <span class='ocrx_word' id='word_1_90' title='bbox 377 1500 412 1572; x_wconf 79' lang='lat'><strong>73</strong></span> <span class='ocrx_word' id='word_1_91' title='bbox 443 1517 501 1557; x_wconf 85' lang='lat' dir='ltr'><strong>nec</strong></span> <span class='ocrx_word' id='word_1_92' title='bbox 523 1500 620 1575; x_wconf 89' lang='lat' dir='ltr'><strong>magis</strong></span> <span class='ocrx_word' id='word_1_93' title='bbox 643 1499 725 1557; x_wconf 94' lang='lat' dir='ltr'>VIII</span> <span class='ocrx_word' id='word_1_94' title='bbox 748 1499 766 1557; x_wconf 88' lang='lat'><strong>3</strong></span> <span class='ocrx_word' id='word_1_95' title='bbox 790 1497 929 1559; x_wconf 88' lang='lat' dir='ltr'><strong>additum</strong></span> <span class='ocrx_word' id='word_1_96' title='bbox 952 1517 971 1555; x_wconf 83' lang='lat' dir='ltr'><strong>a</strong></span> <span class='ocrx_word' id='word_1_97' title='bbox 991 1497 1089 1557; x_wconf 87' lang='lat' dir='ltr'><strong>Panlo</strong></span> <span class='ocrx_word' id='word_1_98' title='bbox 1113 1499 1347 1557; x_wconf 72' lang='lat' dir='ltr'><strong>‘sestertiorum&#39;</strong></span> 
     </span>
     <span class='ocr_line' id='line_1_11' title="bbox 200 1596 1345 1680; baseline 0 -23"><span class='ocrx_word' id='word_1_99' title='bbox 200 1628 234 1638; x_wconf 93' lang='lat'><em>-</em></span> <span class='ocrx_word' id='word_1_100' title='bbox 261 1598 300 1657; x_wconf 91' lang='lat' dir='ltr'><strong>de</strong></span> <span class='ocrx_word' id='word_1_101' title='bbox 330 1596 448 1659; x_wconf 85' lang='lat' dir='ltr'><strong>assibus</strong></span> <span class='ocrx_word' id='word_1_102' title='bbox 472 1599 568 1659; x_wconf 83' lang='lat' dir='ltr'><strong>Gaius</strong></span> <span class='ocrx_word' id='word_1_103' title='bbox 596 1600 731 1680; x_wconf 87' lang='lat' dir='ltr'><strong>loquitur</strong></span> <span class='ocrx_word' id='word_1_104' title='bbox 753 1600 830 1660; x_wconf 87' lang='lat' dir='ltr'><strong>Inst.</strong></span> <span class='ocrx_word' id='word_1_105' title='bbox 854 1599 989 1659; x_wconf 80' lang='lat'><strong>111333</strong></span> <span class='ocrx_word' id='word_1_106' title='bbox 1015 1632 1051 1643; x_wconf 89' lang='grc'>-</span> <span class='ocrx_word' id='word_1_107' title='bbox 1076 1600 1234 1659; x_wconf 84' lang='lat' dir='ltr'><strong>confirmat</strong></span> <span class='ocrx_word' id='word_1_108' title='bbox 1262 1598 1345 1679; x_wconf 83' lang='lat' dir='ltr'><strong>quod</strong></span> 
     </span>
     <span class='ocr_line' id='line_1_12' title="bbox 196 1697 1346 1781; baseline 0.003 -26"><span class='ocrx_word' id='word_1_109' title='bbox 196 1697 257 1757; x_wconf 86' lang='lat' dir='ltr'><strong>iam</strong></span> <span class='ocrx_word' id='word_1_110' title='bbox 284 1700 387 1759; x_wconf 85' lang='lat' dir='ltr'><strong>innuit</strong></span> <span class='ocrx_word' id='word_1_111' title='bbox 413 1701 526 1761; x_wconf 87' lang='lat' dir='ltr'><strong>locutio</strong></span> <span class='ocrx_word' id='word_1_112' title='bbox 555 1705 694 1775; x_wconf 77' lang='lat' dir='ltr'><strong>‘poenam</strong></span> <span class='ocrx_word' id='word_1_113' title='bbox 718 1705 827 1761; x_wconf 82' lang='lat' dir='ltr'><strong>sabr&#39;to&#39;</strong></span> <span class='ocrx_word' id='word_1_114' title='bbox 857 1710 953 1761; x_wconf 89' lang='lat' dir='ltr'><strong>totum</strong></span> <span class='ocrx_word' id='word_1_115' title='bbox 982 1710 1180 1781; x_wconf 90' lang='lat' dir='ltr'><strong>praeceptum</strong></span> <span class='ocrx_word' id='word_1_116' title='bbox 1209 1700 1249 1759; x_wconf 93' lang='lat' dir='ltr'><strong>de</strong></span> <span class='ocrx_word' id='word_1_117' title='bbox 1278 1720 1346 1760; x_wconf 90' lang='lat' dir='ltr'><strong>osse</strong></span> 
     </span>
     <span class='ocr_line' id='line_1_13' title="bbox 197 1799 1346 1884; baseline 0.003 -27"><span class='ocrx_word' id='word_1_118' title='bbox 197 1799 295 1859; x_wconf 83' lang='lat' dir='ltr'><strong>fracto</strong></span> <span class='ocrx_word' id='word_1_119' title='bbox 323 1800 441 1881; x_wconf 88' lang='lat' dir='ltr'><strong>pariter</strong></span> <span class='ocrx_word' id='word_1_120' title='bbox 470 1810 563 1884; x_wconf 88' lang='lat' dir='ltr'><strong>atque</strong></span> <span class='ocrx_word' id='word_1_121' title='bbox 591 1802 666 1863; x_wconf 90' lang='lat' dir='ltr'><strong>illud</strong></span> <span class='ocrx_word' id='word_1_122' title='bbox 696 1804 735 1864; x_wconf 88' lang='lat' dir='ltr'><strong>de</strong></span> <span class='ocrx_word' id='word_1_123' title='bbox 762 1804 876 1865; x_wconf 88' lang='lat' dir='ltr'><strong>iniuria</strong></span> <span class='ocrx_word' id='word_1_124' title='bbox 904 1804 985 1863; x_wconf 85' lang='lat' dir='ltr'><strong>iacta</strong></span> <span class='ocrx_word' id='word_1_125' title='bbox 1013 1826 1032 1863; x_wconf 89' lang='lat' dir='ltr'><strong>a</strong></span> <span class='ocrx_word' id='word_1_126' title='bbox 1053 1803 1259 1864; x_wconf 85' lang='lat' dir='ltr'><strong>iureconsulto</strong></span> <span class='ocrx_word' id='word_1_127' title='bbox 1282 1823 1346 1863; x_wconf 89' lang='lat' dir='ltr'><strong>non</strong></span> 
     </span>
     <span class='ocr_line' id='line_1_14' title="bbox 195 1902 1129 1984; baseline 0.011 -24"><span class='ocrx_word' id='word_1_128' title='bbox 195 1908 257 1961; x_wconf 88' lang='lat' dir='ltr'><strong>tam</strong></span> <span class='ocrx_word' id='word_1_129' title='bbox 281 1904 369 1962; x_wconf 83' lang='lat' dir='ltr'><strong>citari</strong></span> <span class='ocrx_word' id='word_1_130' title='bbox 392 1924 483 1984; x_wconf 89' lang='lat' dir='ltr'><strong>quam</strong></span> <span class='ocrx_word' id='word_1_131' title='bbox 507 1902 649 1965; x_wconf 85' lang='lat' dir='ltr'><strong>describi.</strong></span> <span class='ocrx_word' id='word_1_132' title='bbox 1123 1944 1129 1955; x_wconf 86' lang='lat'><strong>·</strong></span> 
     </span>
    </p>

    <p class='ocr_par' dir='ltr' id='par_1_3' title="bbox 193 2006 1382 3005">
     <span class='ocr_line' id='line_1_15' title="bbox 280 2006 1345 2083; baseline 0 -19"><span class='ocrx_word' id='word_1_133' title='bbox 280 2024 311 2083; x_wconf 92' lang='lat' dir='ltr'><strong>p.</strong></span> <span class='ocrx_word' id='word_1_134' title='bbox 342 2006 397 2078; x_wconf 83' lang='grc'><strong>76,</strong></span> <span class='ocrx_word' id='word_1_135' title='bbox 428 2008 466 2066; x_wconf 90' lang='grc'><strong>16</strong></span> <span class='ocrx_word' id='word_1_136' title='bbox 496 2006 567 2066; x_wconf 86' lang='lat' dir='ltr'><strong>add.</strong></span> <span class='ocrx_word' id='word_1_137' title='bbox 606 2006 683 2067; x_wconf 80' lang='lat' dir='ltr'><strong>Tab.</strong></span> <span class='ocrx_word' id='word_1_138' title='bbox 713 2008 804 2067; x_wconf 83' lang='lat' dir='ltr'><strong>Ban&#39;t.</strong></span> <span class='ocrx_word' id='word_1_139' title='bbox 828 2010 901 2068; x_wconf 87' lang='lat' dir='ltr'><strong>v.8</strong></span> <span class='ocrx_word' id='word_1_140' title='bbox 930 2008 994 2082; x_wconf 75' lang='lat' dir='ltr'><strong>‘pis</strong></span> <span class='ocrx_word' id='word_1_141' title='bbox 1018 2039 1055 2050; x_wconf 93' lang='lat'>-</span> <span class='ocrx_word' id='word_1_142' title='bbox 1079 2027 1198 2067; x_wconf 82' lang='lat' dir='ltr'><strong>romono</strong></span> <span class='ocrx_word' id='word_1_143' title='bbox 1233 2011 1345 2082; x_wconf 78' lang='lat' dir='ltr'><strong>hafiert</strong></span> 
     </span>
     <span class='ocr_line' id='line_1_16' title="bbox 194 2106 1344 2189; baseline 0.003 -26"><span class='ocrx_word' id='word_1_144' title='bbox 194 2106 319 2165; x_wconf 82' lang='lat' dir='ltr'><strong>meddr‘s’</strong></span> <span class='ocrx_word' id='word_1_145' title='bbox 347 2106 367 2166; x_wconf 90' lang='lat' dir='ltr'><strong>i.</strong></span> <span class='ocrx_word' id='word_1_146' title='bbox 391 2127 418 2167; x_wconf 92' lang='lat' dir='ltr'><strong>e.</strong></span> <span class='ocrx_word' id='word_1_147' title='bbox 443 2108 495 2189; x_wconf 87' lang='lat' dir='ltr'><strong>qui</strong></span> <span class='ocrx_word' id='word_1_148' title='bbox 518 2128 543 2167; x_wconf 85' lang='lat' dir='ltr'><strong>s.</strong></span> <span class='ocrx_word' id='word_1_149' title='bbox 568 2110 708 2189; x_wconf 89' lang='lat' dir='ltr'><strong>quisquis</strong></span> <span class='ocrx_word' id='word_1_150' title='bbox 736 2110 859 2170; x_wconf 90' lang='lat' dir='ltr'><strong>comitia</strong></span> <span class='ocrx_word' id='word_1_151' title='bbox 887 2108 1015 2169; x_wconf 87' lang='lat' dir='ltr'><strong>habebit</strong></span> <span class='ocrx_word' id='word_1_152' title='bbox 1041 2109 1238 2187; x_wconf 82' lang='lat' dir='ltr'><strong>magistratus</strong></span> <span class='ocrx_word' id='word_1_153' title='bbox 1268 2106 1344 2182; x_wconf 84' lang='lat' dir='ltr'><strong>(vid.</strong></span> 
     </span>
     <span class='ocr_line' id='line_1_17' title="bbox 197 2208 1345 2291; baseline 0.003 -25"><span class='ocrx_word' id='word_1_154' title='bbox 197 2208 406 2270; x_wconf 86' lang='lat' dir='ltr'><strong>Kirchbollins</strong></span> <span class='ocrx_word' id='word_1_155' title='bbox 434 2210 467 2269; x_wconf 92' lang='lat' dir='ltr'><strong>in</strong></span> <span class='ocrx_word' id='word_1_156' title='bbox 497 2212 573 2271; x_wconf 90' lang='lat' dir='ltr'><strong>libro</strong></span> <span class='ocrx_word' id='word_1_157' title='bbox 597 2212 671 2272; x_wconf 80' lang='lat' dir='ltr'><strong>‘das</strong></span> <span class='ocrx_word' id='word_1_158' title='bbox 701 2212 878 2272; x_wconf 84' lang='lat' dir='ltr'><strong>Stadtrecht</strong></span> <span class='ocrx_word' id='word_1_159' title='bbox 905 2224 937 2271; x_wconf 75' lang='grc' dir='ltr'>ν’.</span> <span class='ocrx_word' id='word_1_160' title='bbox 959 2212 1089 2271; x_wconf 84' lang='lat' dir='ltr'><strong>Bantia’</strong></span> <span class='ocrx_word' id='word_1_161' title='bbox 1118 2233 1148 2291; x_wconf 88' lang='lat' dir='ltr'><strong>p.</strong></span> <span class='ocrx_word' id='word_1_162' title='bbox 1174 2209 1238 2287; x_wconf 81' lang='lat'><strong>73).</strong></span> <span class='ocrx_word' id='word_1_163' title='bbox 1284 2210 1345 2270; x_wconf 85' lang='lat' dir='ltr'><strong>Sed</strong></span> 
     </span>
     <span class='ocr_line' id='line_1_18' title="bbox 195 2308 1344 2393; baseline 0.003 -26"><span class='ocrx_word' id='word_1_164' title='bbox 195 2308 277 2369; x_wconf 89' lang='lat' dir='ltr'><strong>idem</strong></span> <span class='ocrx_word' id='word_1_165' title='bbox 300 2309 426 2371; x_wconf 89' lang='lat' dir='ltr'><strong>dicendi</strong></span> <span class='ocrx_word' id='word_1_166' title='bbox 450 2330 547 2390; x_wconf 88' lang='lat' dir='ltr'><strong>genus</strong></span> <span class='ocrx_word' id='word_1_167' title='bbox 570 2324 696 2393; x_wconf 87' lang='lat' dir='ltr'><strong>praeter</strong></span> <span class='ocrx_word' id='word_1_168' title='bbox 720 2312 868 2374; x_wconf 84' lang='lat' dir='ltr'><strong>Oscorum</strong></span> <span class='ocrx_word' id='word_1_169' title='bbox 897 2314 990 2373; x_wconf 86' lang='lat' dir='ltr'><strong>etiam</strong></span> <span class='ocrx_word' id='word_1_170' title='bbox 1013 2312 1195 2373; x_wconf 90' lang='lat' dir='ltr'><strong>Umbrorum</strong></span> <span class='ocrx_word' id='word_1_171' title='bbox 1217 2322 1249 2373; x_wconf 90' lang='lat' dir='ltr'><strong>et</strong></span> <span class='ocrx_word' id='word_1_172' title='bbox 1270 2314 1344 2372; x_wconf 93' lang='lat' dir='ltr'><strong>Vol-</strong></span> 
     </span>
     <span class='ocr_line' id='line_1_19' title="bbox 195 2413 1343 2494; baseline 0.003 -24"><span class='ocrx_word' id='word_1_173' title='bbox 195 2430 315 2471; x_wconf 88' lang='lat' dir='ltr'><strong>scorum</strong></span> <span class='ocrx_word' id='word_1_174' title='bbox 346 2413 493 2473; x_wconf 84' lang='lat' dir='ltr'><strong>dialectos</strong></span> <span class='ocrx_word' id='word_1_175' title='bbox 523 2434 663 2475; x_wconf 82' lang='lat' dir='ltr'><strong>servasse</strong></span> <span class='ocrx_word' id='word_1_176' title='bbox 692 2415 837 2476; x_wconf 87' lang='lat' dir='ltr'><strong>doeemur</strong></span> <span class='ocrx_word' id='word_1_177' title='bbox 865 2416 944 2475; x_wconf 85' lang='lat' dir='ltr'><strong>Tab.</strong></span> <span class='ocrx_word' id='word_1_178' title='bbox 972 2417 1062 2494; x_wconf 90' lang='lat' dir='ltr'><strong>Iguv.</strong></span> <span class='ocrx_word' id='word_1_179' title='bbox 1091 2416 1138 2474; x_wconf 92' lang='lat' dir='ltr'>VI</span> <span class='ocrx_word' id='word_1_180' title='bbox 1166 2418 1198 2485; x_wconf 90' lang='grc'><strong>6,</strong></span> <span class='ocrx_word' id='word_1_181' title='bbox 1228 2417 1268 2473; x_wconf 82' lang='grc'><strong>53</strong></span> <span class='ocrx_word' id='word_1_182' title='bbox 1296 2435 1343 2494; x_wconf 89' lang='lat' dir='ltr'><strong>sq.</strong></span> 
     </span>
     <span class='ocr_line' id='line_1_20' title="bbox 197 2515 1344 2598; baseline 0.002 -27"><span class='ocrx_word' id='word_1_183' title='bbox 197 2515 259 2587; x_wconf 73' lang='lat' dir='ltr'><strong>‘pia</strong></span> <span class='ocrx_word' id='word_1_184' title='bbox 288 2524 330 2573; x_wconf 83' lang='lat' dir='ltr'><strong>est</strong></span> <span class='ocrx_word' id='word_1_185' title='bbox 360 2524 438 2573; x_wconf 74' lang='lat' dir='ltr'><strong>torar</strong></span> <span class='ocrx_word' id='word_1_186' title='bbox 463 2519 652 2575; x_wconf 77' lang='lat' dir='ltr'><strong>Torrinoter&#39;</strong></span> <span class='ocrx_word' id='word_1_187' title='bbox 679 2518 699 2576; x_wconf 95' lang='lat' dir='ltr'><strong>i.</strong></span> <span class='ocrx_word' id='word_1_188' title='bbox 724 2538 750 2577; x_wconf 86' lang='lat' dir='ltr'><strong>e.</strong></span> <span class='ocrx_word' id='word_1_189' title='bbox 775 2518 914 2598; x_wconf 85' lang='lat' dir='ltr'><strong>quisquis</strong></span> <span class='ocrx_word' id='word_1_190' title='bbox 943 2528 989 2575; x_wconf 86' lang='lat' dir='ltr'><strong>est</strong></span> <span class='ocrx_word' id='word_1_191' title='bbox 1019 2517 1152 2575; x_wconf 85' lang='lat' dir='ltr'><strong>civitatis</strong></span> <span class='ocrx_word' id='word_1_192' title='bbox 1180 2516 1344 2575; x_wconf 72' lang='lat' dir='ltr'><strong>&#39;I&#39;adinatis</strong></span> 
     </span>
     <span class='ocr_line' id='line_1_21' title="bbox 196 2613 1342 2699; baseline 0.004 -27"><span class='ocrx_word' id='word_1_193' title='bbox 196 2613 249 2691; x_wconf 85' lang='lat' dir='ltr'><strong>(cl.</strong></span> <span class='ocrx_word' id='word_1_194' title='bbox 273 2616 473 2677; x_wconf 89' lang='lat' dir='ltr'><strong>Aufreohtius</strong></span> <span class='ocrx_word' id='word_1_195' title='bbox 497 2628 528 2677; x_wconf 88' lang='lat' dir='ltr'><strong>et</strong></span> <span class='ocrx_word' id='word_1_196' title='bbox 542 2620 751 2679; x_wconf 84' lang='lat' dir='ltr'><strong>Kirchlrofiius</strong></span> <span class='ocrx_word' id='word_1_197' title='bbox 767 2620 852 2679; x_wconf 89' lang='lat' dir='ltr'><strong>Mon.</strong></span> <span class='ocrx_word' id='word_1_198' title='bbox 877 2620 953 2699; x_wconf 90' lang='lat' dir='ltr'><strong>ling.</strong></span> <span class='ocrx_word' id='word_1_199' title='bbox 975 2617 1072 2677; x_wconf 89' lang='lat' dir='ltr'><strong>umbr.</strong></span> <span class='ocrx_word' id='word_1_200' title='bbox 1091 2619 1124 2677; x_wconf 94' lang='lat' dir='ltr'><strong>II</strong></span> <span class='ocrx_word' id='word_1_201' title='bbox 1146 2638 1177 2697; x_wconf 87' lang='lat' dir='ltr'><strong>p.</strong></span> <span class='ocrx_word' id='word_1_202' title='bbox 1194 2620 1254 2677; x_wconf 85' lang='grc'><strong>254</strong></span> <span class='ocrx_word' id='word_1_203' title='bbox 1271 2619 1342 2697; x_wconf 82' lang='lat' dir='ltr'><strong>sq.),</strong></span> 
     </span>
     <span class='ocr_line' id='line_1_22' title="bbox 194 2696 1382 2801; baseline 0.004 -27"><span class='ocrx_word' id='word_1_204' title='bbox 194 2726 226 2775; x_wconf 91' lang='lat' dir='ltr'><strong>et</strong></span> <span class='ocrx_word' id='word_1_205' title='bbox 253 2716 300 2776; x_wconf 88' lang='lat' dir='ltr'><strong>tit.</strong></span> <span class='ocrx_word' id='word_1_206' title='bbox 329 2696 489 2779; x_wconf 87' lang='lat' dir='ltr'><strong>Veliterno</strong></span> <span class='ocrx_word' id='word_1_207' title='bbox 519 2742 568 2801; x_wconf 89' lang='lat' dir='ltr'><strong>ap.</strong></span> <span class='ocrx_word' id='word_1_208' title='bbox 597 2722 817 2781; x_wconf 89' lang='lat' dir='ltr'><strong>Mommsenum</strong></span> <span class='ocrx_word' id='word_1_209' title='bbox 846 2722 917 2781; x_wconf 89' lang='lat' dir='ltr'><strong>Ital.</strong></span> <span class='ocrx_word' id='word_1_210' title='bbox 949 2716 1041 2780; x_wconf 84' lang='lat' dir='ltr'><strong>infer.</strong></span> <span class='ocrx_word' id='word_1_211' title='bbox 1072 2721 1144 2779; x_wconf 83' lang='lat' dir='ltr'><strong>dial.</strong></span> <span class='ocrx_word' id='word_1_212' title='bbox 1174 2721 1235 2779; x_wconf 81' lang='lat' dir='ltr'><strong>tab.</strong></span> <span class='ocrx_word' id='word_1_213' title='bbox 1264 2720 1344 2781; x_wconf 91' lang='lat' dir='ltr'>XIV</span> <span class='ocrx_word' id='word_1_214' title='bbox 1372 2718 1382 2727; x_wconf 81' lang='grc'><strong>’</strong></span> 
     </span>
     <span class='ocr_line' id='line_1_23' title="bbox 194 2820 1342 2903; baseline 0.003 -26"><span class='ocrx_word' id='word_1_215' title='bbox 194 2820 257 2893; x_wconf 72' lang='lat' dir='ltr'><strong>‘pis</strong></span> <span class='ocrx_word' id='word_1_216' title='bbox 295 2824 449 2880; x_wconf 81' lang='lat' dir='ltr'><strong>Velertrom</strong></span> <span class='ocrx_word' id='word_1_217' title='bbox 476 2824 576 2897; x_wconf 81' lang='lat' dir='ltr'><strong>sasia’</strong></span> <span class='ocrx_word' id='word_1_218' title='bbox 609 2825 629 2883; x_wconf 89' lang='lat' dir='ltr'><strong>i.</strong></span> <span class='ocrx_word' id='word_1_219' title='bbox 658 2844 684 2883; x_wconf 92' lang='lat' dir='ltr'><strong>e.</strong></span> <span class='ocrx_word' id='word_1_220' title='bbox 721 2824 862 2903; x_wconf 87' lang='lat' dir='ltr'><strong>quisquis</strong></span> <span class='ocrx_word' id='word_1_221' title='bbox 891 2823 1120 2883; x_wconf 86' lang='lat' dir='ltr'><strong>Veliternorum</strong></span> <span class='ocrx_word' id='word_1_222' title='bbox 1157 2822 1342 2899; x_wconf 81' lang='lat' dir='ltr'><strong>fucint&#39;(cf.</strong></span> 
     </span>
     <span class='ocr_line' id='line_1_24' title="bbox 193 2921 1342 3005; baseline 0.002 -25"><span class='ocrx_word' id='word_1_223' title='bbox 193 2921 400 2983; x_wconf 85' lang='lat' dir='ltr'><strong>Mommsenus</strong></span> <span class='ocrx_word' id='word_1_224' title='bbox 417 2943 447 3001; x_wconf 89' lang='lat' dir='ltr'><strong>p.</strong></span> <span class='ocrx_word' id='word_1_225' title='bbox 464 2926 537 2985; x_wconf 83' lang='grc'>324.</span> <span class='ocrx_word' id='word_1_226' title='bbox 566 2925 737 2987; x_wconf 81' lang='lat' dir='ltr'><strong>Ooreeenns</strong></span> <span class='ocrx_word' id='word_1_227' title='bbox 754 2926 792 2985; x_wconf 90' lang='lat' dir='ltr'><strong>de</strong></span> <span class='ocrx_word' id='word_1_228' title='bbox 808 2926 989 2986; x_wconf 83' lang='lat' dir='ltr'><strong>Volscorum</strong></span> <span class='ocrx_word' id='word_1_229' title='bbox 1012 2926 1119 3003; x_wconf 84' lang='lat' dir='ltr'><strong>lingua</strong></span> <span class='ocrx_word' id='word_1_230' title='bbox 1141 2946 1172 3005; x_wconf 89' lang='lat' dir='ltr'><strong>p.</strong></span> <span class='ocrx_word' id='word_1_231' title='bbox 1190 2926 1228 2982; x_wconf 86' lang='lat'><strong>13</strong></span> <span class='ocrx_word' id='word_1_232' title='bbox 1246 2923 1342 3003; x_wconf 83' lang='lat' dir='ltr'><strong>sqq.).</strong></span> 
     </span>
    </p>

    <p class='ocr_par' dir='ltr' id='par_1_4' title="bbox 193 3023 1341 3309">
     <span class='ocr_line' id='line_1_25' title="bbox 278 3023 1340 3108; baseline 0.004 -27"><span class='ocrx_word' id='word_1_233' title='bbox 278 3044 308 3102; x_wconf 92' lang='lat' dir='ltr'><strong>p.</strong></span> <span class='ocrx_word' id='word_1_234' title='bbox 321 3026 370 3097; x_wconf 87' lang='lat'><strong>81,</strong></span> <span class='ocrx_word' id='word_1_235' title='bbox 381 3026 420 3083; x_wconf 84' lang='grc'><strong>27</strong></span> <span class='ocrx_word' id='word_1_236' title='bbox 438 3028 662 3087; x_wconf 82' lang='lat' dir='ltr'><strong>‘arvorsarins’</strong></span> <span class='ocrx_word' id='word_1_237' title='bbox 679 3026 761 3108; x_wconf 92' lang='lat' dir='ltr'><strong>quod</strong></span> <span class='ocrx_word' id='word_1_238' title='bbox 778 3023 1021 3087; x_wconf 78' lang='lat' dir='ltr'><strong>testatuerlius</strong></span> <span class='ocrx_word' id='word_1_239' title='bbox 1033 3028 1159 3106; x_wconf 87' lang='lat' dir='ltr'><strong>Longus</strong></span> <span class='ocrx_word' id='word_1_240' title='bbox 1176 3028 1296 3106; x_wconf 79' lang='lat' dir='ltr'><strong>p.2‘233</strong></span> <span class='ocrx_word' id='word_1_241' title='bbox 1305 3028 1340 3086; x_wconf 95' lang='lat' dir='ltr'><strong>P.</strong></span> 
     </span>
     <span class='ocr_line' id='line_1_26' title="bbox 193 3124 1341 3208; baseline 0.003 -24"><span class='ocrx_word' id='word_1_242' title='bbox 193 3124 239 3184; x_wconf 88' lang='lat' dir='ltr'><strong>bis</strong></span> <span class='ocrx_word' id='word_1_243' title='bbox 268 3135 422 3205; x_wconf 91' lang='lat' dir='ltr'><strong>comparet</strong></span> <span class='ocrx_word' id='word_1_244' title='bbox 443 3128 475 3187; x_wconf 94' lang='lat' dir='ltr'><strong>in</strong></span> <span class='ocrx_word' id='word_1_245' title='bbox 498 3128 567 3207; x_wconf 86' lang='lat' dir='ltr'><strong>lege</strong></span> <span class='ocrx_word' id='word_1_246' title='bbox 590 3129 831 3208; x_wconf 88' lang='lat' dir='ltr'><strong>repetundarum</strong></span> <span class='ocrx_word' id='word_1_247' title='bbox 856 3128 891 3187; x_wconf 82' lang='lat'><strong>0.</strong></span> <span class='ocrx_word' id='word_1_248' title='bbox 908 3130 933 3187; x_wconf 91' lang='lat' dir='ltr'><strong>I.</strong></span> <span class='ocrx_word' id='word_1_249' title='bbox 949 3130 986 3187; x_wconf 91' lang='lat' dir='ltr'><strong>L.</strong></span> <span class='ocrx_word' id='word_1_250' title='bbox 1005 3133 1074 3201; x_wconf 81' lang='grc'>11111,</span> <span class='ocrx_word' id='word_1_251' title='bbox 1092 3132 1132 3187; x_wconf 84' lang='grc'><strong>211</strong></span> <span class='ocrx_word' id='word_1_252' title='bbox 1154 3130 1341 3187; x_wconf 82' lang='lat' dir='ltr'><strong>‘orrorsorr&#39;o</strong></span> 
     </span>
     <span class='ocr_line' id='line_1_27' title="bbox 193 3230 946 3309; baseline 0.007 -26"><span class='ocrx_word' id='word_1_253' title='bbox 193 3230 260 3285; x_wconf 78' lang='lat' dir='ltr'><strong>edat</strong></span> <span class='ocrx_word' id='word_1_254' title='bbox 282 3232 348 3287; x_wconf 80' lang='lat' dir='ltr'><strong>eos’</strong></span> <span class='ocrx_word' id='word_1_255' title='bbox 373 3238 404 3288; x_wconf 88' lang='lat' dir='ltr'><strong>et</strong></span> <span class='ocrx_word' id='word_1_256' title='bbox 425 3230 575 3306; x_wconf 69' lang='lat' dir='ltr'><strong>‘sociique</strong></span> <span class='ocrx_word' id='word_1_257' title='bbox 597 3252 697 3291; x_wconf 78' lang='lat' dir='ltr'><strong>coram</strong></span> <span class='ocrx_word' id='word_1_258' title='bbox 720 3230 946 3309; x_wconf 78' lang='lat' dir='ltr'><strong>orr(orsurio)&#39;.</strong></span> 
     </span>
    </p>

    <p class='ocr_par' dir='ltr' id='par_1_5' title="bbox 176 3314 1344 3491">
     <span class='ocr_line' id='line_1_28' title="bbox 176 3314 1344 3413; baseline 0.001 -24"><span class='ocrx_word' id='word_1_259' title='bbox 176 3314 178 3319; x_wconf 81' lang='grc'><em>’</em></span> <span class='ocrx_word' id='word_1_260' title='bbox 276 3349 308 3409; x_wconf 83' lang='lat' dir='ltr'><strong>p.</strong></span> <span class='ocrx_word' id='word_1_261' title='bbox 332 3332 386 3405; x_wconf 87' lang='lat'><strong>31,</strong></span> <span class='ocrx_word' id='word_1_262' title='bbox 416 3334 453 3389; x_wconf 89' lang='lat'><strong>31</strong></span> <span class='ocrx_word' id='word_1_263' title='bbox 497 3332 599 3393; x_wconf 79' lang='lat' dir='ltr'><strong>Gloss.</strong></span> <span class='ocrx_word' id='word_1_264' title='bbox 629 3334 775 3413; x_wconf 80' lang='lat' dir='ltr'><strong>Ampron.</strong></span> <span class='ocrx_word' id='word_1_265' title='bbox 805 3356 835 3413; x_wconf 83' lang='lat' dir='ltr'><strong>p.</strong></span> <span class='ocrx_word' id='word_1_266' title='bbox 861 3336 924 3391; x_wconf 77' lang='lat' dir='ltr'><strong>aro</strong></span> <span class='ocrx_word' id='word_1_267' title='bbox 954 3354 985 3392; x_wconf 79' lang='lat' dir='ltr'><strong>n.</strong></span> <span class='ocrx_word' id='word_1_268' title='bbox 1016 3335 1073 3390; x_wconf 87' lang='lat'><strong>331</strong></span> <span class='ocrx_word' id='word_1_269' title='bbox 1108 3332 1199 3393; x_wconf 74' lang='lat' dir='ltr'><strong>een.</strong></span> <span class='ocrx_word' id='word_1_270' title='bbox 1237 3334 1344 3391; x_wconf 67' lang='lat' dir='ltr'><strong>‘arcer</strong></span> 
     </span>
     <span class='ocr_line' id='line_1_29' title="bbox 191 3436 473 3491; baseline 0.011 -4"><span class='ocrx_word' id='word_1_271' title='bbox 191 3438 328 3491; x_wconf 76' lang='lat' dir='ltr'><strong>arcessiti</strong></span> <span class='ocrx_word' id='word_1_272' title='bbox 349 3436 473 3491; x_wconf 82' lang='lat' dir='ltr'><strong>vocoti&#39;.</strong></span> 
     </span>
    </p>

    <p class='ocr_par' dir='ltr' id='par_1_6' title="bbox 93 3534 1422 3923">
     <span class='ocr_line' id='line_1_30' title="bbox 276 3534 1340 3614; baseline 0.004 -23"><span class='ocrx_word' id='word_1_273' title='bbox 276 3553 307 3612; x_wconf 90' lang='lat' dir='ltr'><strong>p.</strong></span> <span class='ocrx_word' id='word_1_274' title='bbox 331 3535 386 3606; x_wconf 89' lang='grc'><strong>82,</strong></span> <span class='ocrx_word' id='word_1_275' title='bbox 418 3535 457 3591; x_wconf 90' lang='grc'><strong>14</strong></span> <span class='ocrx_word' id='word_1_276' title='bbox 493 3534 641 3614; x_wconf 85' lang='lat' dir='ltr'><strong>Apprime</strong></span> <span class='ocrx_word' id='word_1_277' title='bbox 668 3536 786 3593; x_wconf 83' lang='lat' dir='ltr'><strong>faciunt</strong></span> <span class='ocrx_word' id='word_1_278' title='bbox 814 3536 855 3595; x_wconf 89' lang='lat' dir='ltr'><strong>ad</strong></span> <span class='ocrx_word' id='word_1_279' title='bbox 883 3534 1099 3595; x_wconf 79' lang='lat' dir='ltr'><strong>stabiliendam</strong></span> <span class='ocrx_word' id='word_1_280' title='bbox 1122 3534 1162 3593; x_wconf 90' lang='lat' dir='ltr'><strong>de</strong></span> <span class='ocrx_word' id='word_1_281' title='bbox 1193 3537 1340 3595; x_wconf 69' lang='lat' dir='ltr'><strong>‘arseda’</strong></span> 
     </span>
     <span class='ocr_line' id='line_1_31' title="bbox 93 3618 1422 3717; baseline 0.004 -26"><span class='ocrx_word' id='word_1_282' title='bbox 93 3618 98 3627; x_wconf 50' lang='lat'>⁸</span> <span class='ocrx_word' id='word_1_283' title='bbox 192 3633 378 3695; x_wconf 83' lang='lat' dir='ltr'><strong>sententiam</strong></span> <span class='ocrx_word' id='word_1_284' title='bbox 400 3636 556 3715; x_wconf 85' lang='lat' dir='ltr'><strong>Exoorpta</strong></span> <span class='ocrx_word' id='word_1_285' title='bbox 577 3636 752 3697; x_wconf 85' lang='lat' dir='ltr'><strong>Pithoeana</strong></span> <span class='ocrx_word' id='word_1_286' title='bbox 775 3657 813 3695; x_wconf 85' lang='lat' dir='ltr'><strong>ex</strong></span> <span class='ocrx_word' id='word_1_287' title='bbox 835 3647 897 3695; x_wconf 88' lang='lat' dir='ltr'><strong>vet.</strong></span> <span class='ocrx_word' id='word_1_288' title='bbox 920 3636 1013 3716; x_wconf 84' lang='lat' dir='ltr'><strong>gloss.</strong></span> <span class='ocrx_word' id='word_1_289' title='bbox 1036 3636 1088 3695; x_wconf 90' lang='lat' dir='ltr'><strong>ubi</strong></span> <span class='ocrx_word' id='word_1_290' title='bbox 1112 3647 1159 3695; x_wconf 88' lang='lat' dir='ltr'><strong>est</strong></span> <span class='ocrx_word' id='word_1_291' title='bbox 1187 3640 1339 3717; x_wconf 58' lang='lat' dir='ltr'><strong>‘adserto</strong></span> <span class='ocrx_word' id='word_1_292' title='bbox 1408 3660 1422 3667; x_wconf 90' lang='lat'><em>·</em></span> 
     </span>
     <span class='ocr_line' id='line_1_32' title="bbox 192 3736 1338 3820; baseline 0.006 -28"><span class='ocrx_word' id='word_1_293' title='bbox 192 3740 265 3794; x_wconf 80' lang='lat' dir='ltr'><strong>sella</strong></span> <span class='ocrx_word' id='word_1_294' title='bbox 294 3740 489 3814; x_wconf 70' lang='lat' dir='ltr'><strong>quadriiupis’</strong></span> <span class='ocrx_word' id='word_1_295' title='bbox 528 3740 578 3817; x_wconf 91' lang='lat' dir='ltr'><strong>(in</strong></span> <span class='ocrx_word' id='word_1_296' title='bbox 608 3740 701 3800; x_wconf 91' lang='lat' dir='ltr'><strong>Dion.</strong></span> <span class='ocrx_word' id='word_1_297' title='bbox 731 3736 917 3799; x_wconf 68' lang='lat' dir='ltr'><strong>Golhofredi</strong></span> <span class='ocrx_word' id='word_1_298' title='bbox 945 3738 1038 3799; x_wconf 81' lang='grc'>11001.</span> <span class='ocrx_word' id='word_1_299' title='bbox 1067 3740 1122 3797; x_wconf 86' lang='grc'>101.</span> <span class='ocrx_word' id='word_1_300' title='bbox 1150 3740 1226 3819; x_wconf 91' lang='lat' dir='ltr'><strong>ling.</strong></span> <span class='ocrx_word' id='word_1_301' title='bbox 1254 3742 1338 3820; x_wconf 81' lang='lat' dir='ltr'><strong>App.</strong></span> 
     </span>
     <span class='ocr_line' id='line_1_33' title="bbox 191 3836 1338 3923; baseline 0.005 -28"><span class='ocrx_word' id='word_1_302' title='bbox 191 3859 221 3918; x_wconf 93' lang='lat' dir='ltr'><strong>p.</strong></span> <span class='ocrx_word' id='word_1_303' title='bbox 246 3836 312 3915; x_wconf 84' lang='lat'><strong>51).</strong></span> <span class='ocrx_word' id='word_1_304' title='bbox 358 3839 566 3923; x_wconf 87' lang='lat' dir='ltr'><strong>Similiterque</strong></span> <span class='ocrx_word' id='word_1_305' title='bbox 589 3844 751 3901; x_wconf 80' lang='lat' dir='ltr'><strong>‘adsella</strong></span> <span class='ocrx_word' id='word_1_306' title='bbox 774 3847 846 3900; x_wconf 82' lang='lat' dir='ltr'><strong>sella</strong></span> <span class='ocrx_word' id='word_1_307' title='bbox 869 3846 1065 3918; x_wconf 72' lang='lat' dir='ltr'><strong>quadriiupr&#39;o&#39;</strong></span> <span class='ocrx_word' id='word_1_308' title='bbox 1091 3841 1192 3902; x_wconf 88' lang='lat' dir='ltr'><strong>Gloss.</strong></span> <span class='ocrx_word' id='word_1_309' title='bbox 1217 3842 1338 3901; x_wconf 88' lang='lat' dir='ltr'><strong>Isidori.</strong></span> 
     </span>
    </p>

    <p class='ocr_par' dir='ltr' id='par_1_7' title="bbox 171 3942 1340 4434">
     <span class='ocr_line' id='line_1_34' title="bbox 275 3942 1339 4025; baseline 0.003 -25"><span class='ocrx_word' id='word_1_310' title='bbox 275 3942 316 4001; x_wconf 91' lang='lat' dir='ltr'><strong>ib.</strong></span> <span class='ocrx_word' id='word_1_311' title='bbox 340 3953 405 4004; x_wconf 94' lang='grc'>001.</span> <span class='ocrx_word' id='word_1_312' title='bbox 444 3943 544 4005; x_wconf 84' lang='lat' dir='ltr'><strong>Gloss.</strong></span> <span class='ocrx_word' id='word_1_313' title='bbox 570 3945 715 4025; x_wconf 80' lang='lat' dir='ltr'><strong>Amplon.</strong></span> <span class='ocrx_word' id='word_1_314' title='bbox 739 3965 769 4023; x_wconf 90' lang='lat' dir='ltr'><strong>p.</strong></span> <span class='ocrx_word' id='word_1_315' title='bbox 794 3946 855 4003; x_wconf 85' lang='grc'><strong>212</strong></span> <span class='ocrx_word' id='word_1_316' title='bbox 879 3966 910 4003; x_wconf 91' lang='grc'><strong>0.</strong></span> <span class='ocrx_word' id='word_1_317' title='bbox 934 3946 976 4005; x_wconf 83' lang='grc'><strong>58</strong></span> <span class='ocrx_word' id='word_1_318' title='bbox 1004 3947 1152 4016; x_wconf 69' lang='lat' dir='ltr'><strong>‘adsemel</strong></span> <span class='ocrx_word' id='word_1_319' title='bbox 1180 3966 1258 4021; x_wconf 79' lang='lat' dir='ltr'><strong>aqua</strong></span> <span class='ocrx_word' id='word_1_320' title='bbox 1281 3966 1339 4020; x_wconf 84' lang='lat' dir='ltr'><strong>quo</strong></span> 
     </span>
     <span class='ocr_line' id='line_1_35' title="bbox 171 4046 1337 4116; baseline 0.003 -15"><span class='ocrx_word' id='word_1_321' title='bbox 171 4052 320 4116; x_wconf 26' lang='lat' dir='ltr'><strong>‘mortuus</strong></span> <span class='ocrx_word' id='word_1_322' title='bbox 347 4050 494 4107; x_wconf 80' lang='lat' dir='ltr'><strong>lavatur’.</strong></span> <span class='ocrx_word' id='word_1_323' title='bbox 525 4080 563 4091; x_wconf 91' lang='lat'><strong>——</strong></span> <span class='ocrx_word' id='word_1_324' title='bbox 602 4047 746 4107; x_wconf 79' lang='lat' dir='ltr'><strong>Ceterum</strong></span> <span class='ocrx_word' id='word_1_325' title='bbox 775 4047 867 4106; x_wconf 84' lang='lat' dir='ltr'><strong>etiam</strong></span> <span class='ocrx_word' id='word_1_326' title='bbox 899 4047 932 4105; x_wconf 92' lang='lat' dir='ltr'><strong>in</strong></span> <span class='ocrx_word' id='word_1_327' title='bbox 962 4047 1148 4107; x_wconf 74' lang='lat' dir='ltr'><strong>‘arundine’</strong></span> <span class='ocrx_word' id='word_1_328' title='bbox 1188 4046 1337 4105; x_wconf 76' lang='lat' dir='ltr'><strong>‘undam&#39;</strong></span> 
     </span>
     <span class='ocr_line' id='line_1_36' title="bbox 189 4144 1340 4229; baseline 0.003 -24"><span class='ocrx_word' id='word_1_329' title='bbox 189 4146 310 4205; x_wconf 87' lang='lat' dir='ltr'><strong>Pettius</strong></span> <span class='ocrx_word' id='word_1_330' title='bbox 334 4145 477 4226; x_wconf 72' lang='lat' dir='ltr'><strong>(Quaerat.</strong></span> <span class='ocrx_word' id='word_1_331' title='bbox 502 4160 596 4229; x_wconf 85' lang='lat' dir='ltr'><strong>etym.</strong></span> <span class='ocrx_word' id='word_1_332' title='bbox 619 4144 656 4208; x_wconf 80' lang='lat'><strong>1²</strong></span> <span class='ocrx_word' id='word_1_333' title='bbox 685 4169 715 4227; x_wconf 90' lang='lat' dir='ltr'><strong>p.</strong></span> <span class='ocrx_word' id='word_1_334' title='bbox 740 4150 816 4221; x_wconf 86' lang='grc'>699,</span> <span class='ocrx_word' id='word_1_335' title='bbox 845 4148 899 4208; x_wconf 92' lang='lat' dir='ltr'><strong>ubi</strong></span> <span class='ocrx_word' id='word_1_336' title='bbox 921 4169 1006 4208; x_wconf 86' lang='lat' dir='ltr'><strong>suam</strong></span> <span class='ocrx_word' id='word_1_337' title='bbox 1035 4149 1074 4209; x_wconf 89' lang='lat' dir='ltr'><strong>do</strong></span> <span class='ocrx_word' id='word_1_338' title='bbox 1102 4152 1174 4221; x_wconf 79' lang='lat' dir='ltr'><strong>‘ar&#39;</strong></span> <span class='ocrx_word' id='word_1_339' title='bbox 1203 4159 1234 4208; x_wconf 89' lang='lat' dir='ltr'><strong>et</strong></span> <span class='ocrx_word' id='word_1_340' title='bbox 1264 4149 1340 4208; x_wconf 74' lang='lat' dir='ltr'><strong>‘ad’</strong></span> 
     </span>
     <span class='ocr_line' id='line_1_37' title="bbox 190 4248 1338 4332; baseline 0.002 -25"><span class='ocrx_word' id='word_1_341' title='bbox 190 4248 377 4309; x_wconf 86' lang='lat' dir='ltr'><strong>sententiam</strong></span> <span class='ocrx_word' id='word_1_342' title='bbox 401 4252 527 4330; x_wconf 85' lang='lat' dir='ltr'><strong>repetit,</strong></span> <span class='ocrx_word' id='word_1_343' title='bbox 557 4254 596 4311; x_wconf 87' lang='grc'><strong>01.</strong></span> <span class='ocrx_word' id='word_1_344' title='bbox 621 4250 712 4329; x_wconf 84' lang='grc'>215),</span> <span class='ocrx_word' id='word_1_345' title='bbox 742 4252 774 4311; x_wconf 93' lang='grc'><strong>10</strong></span> <span class='ocrx_word' id='word_1_346' title='bbox 798 4252 903 4332; x_wconf 81' lang='lat' dir='ltr'><strong>‘ripa&#39;</strong></span> <span class='ocrx_word' id='word_1_347' title='bbox 933 4254 1077 4332; x_wconf 83' lang='lat' dir='ltr'><strong>‘aquam’</strong></span> <span class='ocrx_word' id='word_1_348' title='bbox 1105 4251 1266 4331; x_wconf 85' lang='lat' dir='ltr'><strong>Bcnfeyns</strong></span> <span class='ocrx_word' id='word_1_349' title='bbox 1292 4249 1338 4327; x_wconf 87' lang='lat' dir='ltr'><strong>(in</strong></span> 
     </span>
     <span class='ocr_line' id='line_1_38' title="bbox 189 4350 1338 4434; baseline 0.002 -25"><span class='ocrx_word' id='word_1_350' title='bbox 189 4350 297 4411; x_wconf 89' lang='lat' dir='ltr'><strong>Kuhni</strong></span> <span class='ocrx_word' id='word_1_351' title='bbox 325 4351 441 4413; x_wconf 85' lang='lat' dir='ltr'><strong>Annal.</strong></span> <span class='ocrx_word' id='word_1_352' title='bbox 464 4354 539 4433; x_wconf 92' lang='lat' dir='ltr'><strong>ling.</strong></span> <span class='ocrx_word' id='word_1_353' title='bbox 569 4374 666 4434; x_wconf 90' lang='lat' dir='ltr'><strong>comp.</strong></span> <span class='ocrx_word' id='word_1_354' title='bbox 690 4354 723 4413; x_wconf 95' lang='lat' dir='ltr'><strong>II</strong></span> <span class='ocrx_word' id='word_1_355' title='bbox 752 4374 783 4433; x_wconf 87' lang='lat' dir='ltr'><strong>p.</strong></span> <span class='ocrx_word' id='word_1_356' title='bbox 807 4353 883 4431; x_wconf 81' lang='lat'><strong>310)</strong></span> <span class='ocrx_word' id='word_1_357' title='bbox 913 4374 980 4413; x_wconf 89' lang='lat' dir='ltr'><strong>cum</strong></span> <span class='ocrx_word' id='word_1_358' title='bbox 1008 4351 1076 4412; x_wconf 80' lang='lat' dir='ltr'><strong>‘ar&#39;</strong></span> <span class='ocrx_word' id='word_1_359' title='bbox 1107 4354 1338 4433; x_wconf 86' lang='lat' dir='ltr'><strong>praepositione</strong></span> 
     </span>
    </p>
   </div>
   <div class='ocr_carea' id='block_1_3' title="bbox 95 4452 1297 4535">
    <p class='ocr_par' dir='ltr' id='par_1_8' title="bbox 95 4452 1297 4535">
     <span class='ocr_line' id='line_1_39' title="bbox 95 4452 1297 4535; baseline 0.004 -24"><span class='ocrx_word' id='word_1_360' title='bbox 95 4452 99 4459; x_wconf 86' lang='lat'>&#39;</span> <span class='ocrx_word' id='word_1_361' title='bbox 190 4454 309 4514; x_wconf 88' lang='lat' dir='ltr'><strong>iunctas</strong></span> <span class='ocrx_word' id='word_1_362' title='bbox 333 4453 529 4535; x_wconf 88' lang='lat' dir='ltr'><strong>deprendere</strong></span> <span class='ocrx_word' id='word_1_363' title='bbox 551 4457 690 4517; x_wconf 80' lang='lat' dir='ltr'><strong>sibi·visi</strong></span> <span class='ocrx_word' id='word_1_364' title='bbox 713 4467 799 4517; x_wconf 87' lang='lat' dir='ltr'><strong>sunt:</strong></span> <span class='ocrx_word' id='word_1_365' title='bbox 823 4455 862 4516; x_wconf 89' lang='lat' dir='ltr'><strong>de</strong></span> <span class='ocrx_word' id='word_1_366' title='bbox 885 4476 945 4535; x_wconf 90' lang='lat' dir='ltr'><strong>quo</strong></span> <span class='ocrx_word' id='word_1_367' title='bbox 967 4455 1104 4515; x_wconf 81' lang='lat' dir='ltr'><strong>viderint</strong></span> <span class='ocrx_word' id='word_1_368' title='bbox 1126 4456 1297 4535; x_wconf 85' lang='lat' dir='ltr'><strong>peritiores.</strong></span> 
     </span>
    </p>
   </div>
   <div class='ocr_carea' id='block_1_4' title="bbox 274 4558 1257 4652">
    <p class='ocr_par' dir='ltr' id='par_1_9' title="bbox 274 4558 1257 4652">
     <span class='ocr_line' id='line_1_40' title="bbox 274 4558 1257 4652; baseline 0.003 -37"><span class='ocrx_word' id='word_1_369' title='bbox 274 4576 305 4635; x_wconf 92' lang='lat' dir='ltr'><strong>p.</strong></span> <span class='ocrx_word' id='word_1_370' title='bbox 329 4558 378 4631; x_wconf 84' lang='grc'><strong>85,</strong></span> <span class='ocrx_word' id='word_1_371' title='bbox 404 4561 420 4617; x_wconf 90' lang='lat' dir='ltr'><strong>l</strong></span> <span class='ocrx_word' id='word_1_372' title='bbox 457 4558 559 4619; x_wconf 84' lang='lat' dir='ltr'><strong>Gloss.</strong></span> <span class='ocrx_word' id='word_1_373' title='bbox 583 4558 730 4639; x_wconf 86' lang='lat' dir='ltr'><strong>Amplon.</strong></span> <span class='ocrx_word' id='word_1_374' title='bbox 753 4581 785 4640; x_wconf 93' lang='lat' dir='ltr'><strong>p.</strong></span> <span class='ocrx_word' id='word_1_375' title='bbox 810 4560 881 4633; x_wconf 86' lang='grc'>294,</span> <span class='ocrx_word' id='word_1_376' title='bbox 906 4561 947 4618; x_wconf 89' lang='grc'><strong>90</strong></span> <span class='ocrx_word' id='word_1_377' title='bbox 970 4561 1077 4618; x_wconf 78' lang='lat' dir='ltr'><strong>‘durrat</strong></span> <span class='ocrx_word' id='word_1_378' title='bbox 1100 4562 1229 4652; x_wconf 73' lang='grc'>10110001</span> <span class='ocrx_word' id='word_1_379' title='bbox 1238 4563 1257 4618; x_wconf 86' lang='grc'>’.</span> 
     </span>
    </p>
   </div>
   <div class='ocr_carea' id='block_1_5' title="bbox 0 0 1710 5409">
    <p class='ocr_par' dir='ltr' id='par_1_10' title="bbox 0 0 1710 5409">
     <span class='ocr_line' id='line_1_41' title="bbox 0 0 1710 5409; baseline 0 3"><span class='ocrx_word' id='word_1_380' title='bbox 0 0 1710 5409; x_wconf 95' lang='lat' dir='ltr'><strong> </strong></span> 
     </span>
    </p>
   </div>
  </div>
 </body>
</html>
