3409 5409
359 532 407 579 un
430 534 481 580 xu
505 534 717 581 rrsvnsrvn
740 535 917 596 nuurqvns
939 536 1227 601 cousmrvuums.
1325 526 1366 591 85

207 686 294 768 559)
311 691 422 751 ‘duent
434 692 565 751 dubunt'
581 687 629 752 id.
643 690 736 752 ‘duat
755 688 790 774 (t
808 688 919 775 daune)
940 694 1022 773 dant,
1045 697 1195 757 tribuunc’
1218 692 1274 760 (tl.
1295 695 1364 759 Mai

210 787 267 853 VI
280 787 371 875 521),
388 826 428 837 -
444 810 465 853 a
479 790 577 855 ‘dio’
597 790 699 874 igitur
713 791 895 878 perfectum
911 780 1083 858 derivatur
1103 795 1208 860 ‘dria
1231 808 1268 863 ιιι
1282 800 1366 864 ‘duit

209 896 318 955 dedit?
334 890 433 957 estin
449 890 559 957 Gloss.
576 892 699 979 Papiae
714 894 797 959 etin
811 904 879 960 vet.
895 891 949 959 Gl.
964 894 1033 959 Mai
1050 896 1207 964 V11559.
1222 899 1363 965 —Undc

208 992 305 1080 quod
320 993 549 1059 coniunctivus
564 1004 598 1060 et
611 997 759 1061 futurum
774 994 810 1060 ΙΙ
825 994 952 1061 ‘duim'
968 1006 1002 1063 ct
1019 995 1116 1062 ‘duo’
1132 998 1282 1085 fingitur,
1299 1024 1364 1069 non

209 1095 379 1178 ‘ductim’,
400 1096 538 1178 ‘duero'‚
559 1095 594 1160 id
608 1096 857 1183 antiquissimae
876 1096 1083 1165 formationis
1099 1120 1164 1165 non
1178 1100 1250 1169 leve
1266 1102 1362 1169 docu-

209 1206 364 1263 mentum
384 1208 449 1264 est:
476 1220 542 1285 qua
563 1198 688 1265 scilicet
707 1199 895 1266 terminatio
916 1198 960 1265 ad
986 1200 1092 1287 ipsam
1112 1205 1208 1271 verbi
1228 1206 1362 1291 stirpem
1442 1193 1445 1199 ⁵

207 1300 358 1367 necdum
372 1300 719 1368 intercedente-verbo
742 1302 951 1369 substantivo
971 1302 1160 1371 accedebat.
1170 1307 1194 1392 ¹)
1227 1306 1303 1388 Qua
1322 1308 1362 1373 de

207 1426 251 1469 re
266 1401 344 1469 licet
356 1402 391 1466 in
406 1424 515 1467 meum
535 1425 630 1467 usum
651 1414 842 1471 convertere
863 1426 947 1491 quae
967 1404 1010 1469 de
1029 1408 1210 1473 samaritae
1229 1408 1362 1495 linguae

207 1507 329 1573 futuro
351 1501 502 1571 similiter
516 1504 554 1569 F.
569 1506 718 1593 Boppius
739 1505 922 1592 disputavit
936 1506 1084 1573 Gramm.
1106 1531 1249 1597 compar.
1265 1516 1286 1595 ξ
1301 1513 1362 1577 657

208 1608 269 1675 ed.
283 1607 315 1673 2.
337 1608 430 1676 Idem
444 1617 554 1673 autem
569 1607 709 1692 contigit
723 1608 756 1671 in
772 1608 919 1673 eiusdem
934 1610 1029 1677 verbi
1043 1610 1151 1677 forma
1166 1611 1232 1677 alia
1246 1618 1364 1689 ‘deda’,·

207 1714 235 1777 i.
252 1734 285 1777 e.
301 1710 447 1776 ‘dedant'
468 1709 564 1773 iuxta
583 1712 704 1773 ‘dedro'
728 1710 764 1793 (i.
780 1732 808 1774 e.
824 1709 1027 1794 ‘ded-suut',
1050 1712 1252 1801 ‘dederunt’)
1274 1715 1309 1779 in
1324 1716 1363 1779 ti·

208 1814 287 1883 tulo
302 1811 493 1879 Pisaurensi
508 1810 545 1876 O.
558 1809 585 1875 Ι.
597 1811 635 1876 L.
651 1812 710 1876 177
727 1821 870 1895 servata,
886 1834 985 1899 quam
1000 1816 1169 1900 ingeniose
1185 1816 1366 1903 explicavit

207 1928 406 2005 comparato
433 1936 552 2000 graem
581 1916 761 1997 πεφύκαντι
790 1913 1011 1981 Mommsenus
1046 1917 1080 1981 iu
1109 1918 1185 1983 Ital.
1214 1918 1361 1985 inferior.

209 2020 295 2086 dial.
316 2042 349 2106 p.
364 2018 426 2085 237
454 2056 496 2065 -
521 2038 598 2081 nam
624 2038 736 2082 oscum
759 2015 898 2081 'lufaus’
922 2038 988 2083 non
1010 2016 1154 2085 debebat
1173 2019 1362 2105 adiungere,

210 2122 306 2209 quod
330 2120 612 2208 imperfectum
638 2140 710 2185 esse
741 2128 816 2205 post
841 2119 884 2185 G.
912 2119 1062 2185 Curtium
1089 2119 1303 2187 Aufreehtius
1331 2133 1364 2189 et

208 2222 442 2291 Kirchboffius
457 2220 690 2289 intellexerunt
703 2220 818 2286 Umbr.
833 2218 914 2305 ling.
929 2243 1016 2287 mon.
1032 2222 1049 2287 Ι
1064 2244 1097 2309 p.
1114 2224 1190 2307 1643
1206 2223 1250 2289 cf.
1266 2223 1363 2289 huius

209 2326 301 2393 liber
322 2325 409 2390 ‘Das
431 2322 621 2391 Stadtrecht
641 2347 673 2389 v.
695 2320 832 2387 Bantia’
854 2344 886 2409 p.
904 2324 934 2389 7.
949 2323 1002 2389 49.
1032 2325 1142 2411 Atque
1162 2326 1197 2391 iu
1217 2348 1295 2391 osco
1316 2334 1363 2391 ta·

209 2427 315 2497 bulae
332 2426 494 2493 Bantinae
510 2447 659 2491 sermone
673 2430 736 2505 ‘pa
751 2435 873 2490 cenatur
887 2429 1012 2491 Bearue
1027 2432 1077 2503 (ni
1083 2433 1136 2506 pis
1146 2430 1277 2508 su)id’,
1293 2432 1364 2508 ‘nep

211 2524 339 2599 cenatur
354 2533 461 2607 suid’
477 2529 524 2615 (v.
540 2528 613 2613 28),
634 2532 685 2591 ‘ta
703 2534 747 2607 pl.
769 2534 804 2591 ni
819 2531 927 2604 suid’
944 2526 1033 2613 (29),
1055 2532 1153 2606 ‘fuid’
1175 2552 1242 2596 non
1264 2530 1362 2615 signi-

210 2635 316 2701 ficare
330 2633 422 2715 ‘sit'‚
445 2631 504 2697 sed
520 2630 667 2712 ‘fuerit',
688 2629 777 2715 quod
797 2628 880 2695 alias
901 2650 976 2695 osce
997 2638 1047 2695 est
1063 2634 1190 2707 ‘fusidt
1211 2632 1362 2717 Buggius

212 2735 336 2803 statuit
350 2735 384 2798 in
399 2733 525 2799 Kuhnii
536 2730 656 2799 Annal.
673 2733 788 2797 scient.
805 2730 885 2816 ling.
898 2751 1003 2819 comp.
1017 2730 1103 2797 VIII
1118 2754 1150 2819 p.
1166 2733 1208 2799 39
1223 2756 1285 2821 sq„
1301 2734 1364 2800 hoc

210 2837 360 2904 maxime
385 2844 574 2922 argumento
600 2835 710 2916 nisus,
737 2834 825 2921 quod
845 2835 880 2898 iu
901 2833 1019 2901 ceteris
1041 2856 1170 2921 quoque
1190 2836 1260 2900 eius
1280 2834 1362 2921 legis

211 2938 329 3007 vetitis
345 2938 572 3004 coniunctivus
587 2936 765 3024 perfecti
779 2947 936 3023 ponatur:
955 2938 1000 3000 ‘m'
1009 2940 1110 3016 bspid'
1126 2938 1182 3024 (ne
1197 2936 1364 3023 habuerit)

211 3066 247 3109 v.
262 3041 295 3107 8.
314 3040 364 3105 14.
383 3041 433 3122 17,
449 3046 519 3120 ‘nep
530 3042 670 3117 scsucid’
687 3038 743 3123 (ne
763 3036 895 3123 fecerit)
911 3061 943 3103 v.
963 3038 1016 3121 10,
1039 3047 1088 3103 ‘ue
1100 3043 1184 3119 ptim
1197 3043 1362 3119 prubips'd’

213 3144 273 3231 (ne
287 3164 385 3230 quem
398 3142 617 3229 prohibuerit)
635 3165 667 3206 v.
683 3140 737 3207 25.
767 3140 808 3206 Id
828 3140 858 3204 si
872 3160 987 3205 verum
1002 3138 1046 3206 sit
1064 3178 1098 3188 -
1116 3152 1153 3209 ut
1168 3141 1277 3228 specie
1292 3143 1363 3208 veri

213 3268 296 3311 sane
321 3244 566 3311 commendatur
585 3280 628 3291 -υ
648 3244 758 3308 reida
779 3264 845 3328 qua
865 3244 976 3329 agitur
1003 3244 1151 3331 apprime
1170 3244 1360 3311 conveniat:

213 3370 323 3435 neque
341 3358 451 3413 tamen
472 3345 674 3413 confidenter
697 3345 877 3432 quidquam
905 3345 1081 3411 decernere
1101 3346 1207 3411 ausim
1229 3368 1289 3411 nec
1310 3368 1362 3412 me

214 3450 349 3535 fugiunt
368 3471 453 3535 quae
472 3456 589 3514 eontra
609 3468 682 3513 eam
702 3446 888 3533 opinionem
908 3446 1088 3512 Gerasenos
1116 3446 1298 3533 disputavit
1316 3448 1362 3515 ib.

301 3652 373 3718 Iam
397 3673 477 3719 vero
501 3652 537 3716 in
561 3651 623 3716 hac
646 3650 753 3717 forma
775 3659 814 3715 ιιι
837 3650 1061 3737 geminaretur
1081 3648 1204 3717 vocalis
1225 3674 1264 3736 ιι,
1291 3650 1363 3719 sola

214 3755 504 3840 grammaticorum
516 3753 667 3820 doctrina
673 3752 767 3820 Accii
782 3753 973 3820 auctoritati
989 3752 1219 3821 obsecuturum
1226 3753 1254 3838 ²)
1269 3753 1361 3819 insti-

216 3866 323 3922 tutum
343 3866 409 3940 est,
432 3879 474 3921 ex
495 3877 559 3941 qua
578 3856 692 3921 itidem
712 3856 833 3941 legitur
851 3856 887 3921 in
907 3855 1003 3923 titulo
1024 3854 1199 3943 sepulcrali
1220 3854 1257 3921 O.
1279 3856 1306 3921 I.
1322 3857 1361 3922 L.

219 3958 299 4024 1051
330 3963 461 4024 ‘ultuma
489 3978 610 4023 suorum
635 3964 777 4037 fuueit'
806 3997 844 4007 —
872 3980 938 4045 qua
974 3958 1106 4047 quidem
1135 3958 1242 4026 formu
1274 3968 1362 4023 rectu

217 4058 399 4127 diiudicata
417 4061 506 4148 quod
523 4060 617 4127 addit
632 4062 853 4127 Mommsenus
869 4060 959 4128 tituli
973 4070 1113 4128 aetatem
1134 4070 1172 4126 ut
1186 4082 1226 4125 uu
1241 4082 1301 4148 pro
1317 4084 1363 4127 uv

285 4249 307 4316 1)
324 4252 423 4317 Neque
441 4252 513 4303 enim
532 4250 565 4303 de
583 4267 703 4319 syncope
721 4278 755 4289 -
773 4252 867 4318 qualis
884 4258 961 4305 recte
979 4250 1089 4317 quidem
1107 4252 1242 4303 statuitur
1259 4251 1288 4302 iu
1301 4255 1362 4303 ‘au-

218 4337 280 4387 sim’
300 4337 379 4401 (ause
400 4336 477 4402 sim),
497 4336 603 4402 ‘dixis’,
622 4337 777 4404 ‘respexis’,
797 4338 895 4389 ‘iusso’
914 4337 989 4403 sim,
1013 4352 1176 4403 quemquam
1200 4337 1297 4403 opinor
1315 4352 1362 4389 co·

219 4420 369 4485 gitaturum
387 4438 458 4475 esse.

284 4504 308 4570 ²)
331 4507 368 4560 cf.
388 4508 485 4562 Velius
502 4509 616 4577 Longus
637 4524 665 4575 p.
683 4510 758 4561 2220.
788 4508 936 4559 Terentius
960 4506 1080 4558 Scaurus
1103 4524 1129 4573 p.
1149 4510 1224 4559 2255,
1255 4507 1360 4561 Marius

219 4587 375 4646 Victorinus
392 4610 419 4661 p.
438 4594 505 4646 2456
523 4594 554 4647 Ρ.
572 4592 742 4647 Bitschelius
760 4594 834 4647 Mon.
854 4592 941 4661 epigr.
959 4593 1058 4659 triup.
1078 4595 1110 4644 22
1129 4606 1189 4661 sqq.
