3409 5409
355 476 403 525 DE
425 474 620 525 VETERIBVS
642 472 693 523 ΧΠ
716 472 931 523 TABVLARVM
952 473 1239 524 lursnrsarlsvs.
1326 459 1367 523 31

217 630 322 700 fallor¹
337 629 559 715 adscripscrat
579 627 667 695 Aelii
687 650 823 711 nomen,
851 619 910 694 sed
929 628 1025 694 Lucii
1051 626 1106 693 ille
1126 628 1275 716 quidem,
1301 650 1369 695 non

165 788 167 793 .
217 733 323 801 Sexti.
355 730 449 797 Illius
470 732 572 818 igitur
592 730 663 797 XII
683 729 872 797 tabularum
892 730 1195 818 interpretationem
1216 730 1271 797 hic
1290 753 1367 818 quo·

217 858 282 923 que
296 856 521 921 agnoscemus.
532 832 557 919 ¹)

303 936 379 1003 Huc
401 935 520 1003 deinde
539 928 742 1002 revocandus
770 944 819 1001 est
846 934 937 1001 locus
958 934 1130 1000 Plinianus
1151 934 1194 1000 N.
1215 934 1259 1000 H.
1284 934 1367 1000 XIV

219 1040 261 1105 92
276 1062 324 1127 sq.
342 1044 535 1104 ‘bomissima
556 1042 641 1119 apud
658 1045 773 1119 priscos
793 1044 865 1102 rina
885 1047 977 1101 mont
994 1058 1118 1103 mserrue
1131 1041 1223 1102 odere
1236 1043 1368 1122 conditu,

217 1154 251 1207 ut
270 1152 400 1223 apparet
418 1148 449 1207 in
469 1146 572 1222 Plauti
590 1144 701 1219 subula
721 1161 799 1221 quae
812 1145 908 1205 Persa
928 1144 1116 1205 immuta.
1128 1186 1157 1202 ..
1196 1143 1368 1205 &sevoldus

218 1264 334 1325 uroque
353 1255 382 1309 et
400 1248 536 1310 Laelium
556 1254 585 1309 ct
598 1250 713 1309 Ateium
738 1247 910 1324 Capitonem
929 1247 961 1305 in
981 1246 1087 1307 eadem
1105 1249 1251 1307 centenus
1269 1246 1368 1321 fuisse

217 1352 318 1427 uideo,
334 1351 473 1425 emulum
493 1353 524 1411 in
539 1350 684 1411 Pseudolo
704 1352 742 1411 sit
756 1350 889 1425 “quodsi
906 1365 980 1425 opus
1000 1350 1069 1426 siet,
1091 1355 1125 1409 ut
1143 1350 1231 1409 dulce
1245 1357 1370 1425 memet

219 1436 368 1531 indidem,
384 1453 493 1529 ecqud
511 1448 618 1513 tabet?
634 1470 662 1512 z:
680 1448 803 1527 Rupes?
825 1452 1033 1524 Murrhr‘nem,
1044 1466 1184 1527 possem,
1200 1450 1365 1530 defrutum,

217 1556 344 1617 mezur
361 1548 434 1633 Quo
448 1547 518 1617 loco
531 1570 589 1638 pro
604 1548 717 1618 Laelio
730 1548 770 1615 L.
782 1548 915 1615 Aelium
929 1558 1006 1636 post
1015 1547 1213 1613 Maiensium
1230 1550 1364 1617 reduxit
1404 1600 1408 1607 .

218 1674 284 1718 van
293 1652 472 1737 Heusdius,
485 1651 575 1719 Aeli
583 1674 644 1717 um
657 1651 848 1739 simpliciter
860 1661 894 1715 et
904 1650 1055 1717 codicum
1066 1651 1210 1737 episcopi
1218 1650 1366 1718 Alesiam

218 1757 263 1821 sis
286 1756 351 1821 fide
372 1764 405 1821 et
419 1764 591 1821 auctorum
613 1754 721 1820 indice
736 1753 886 1819 Plinisno
901 1754 993 1834 nisus
1008 1753 1154 1817 restituit
1168 1752 1366 1820 Ritschelius

218 1858 354 1943 Parerg.
371 1856 434 1945 Ip.
451 1858 513 1923 371
530 1880 579 1945 sq.
601 1856 663 1923 Oui
679 1866 712 1923 et
726 1856 789 1923 hac
802 1856 837 1921 in
852 1877 889 1921 re
903 1854 1066 1921 assentior
1080 1864 1114 1919 et
1128 1854 1216 1941 quod
1232 1855 1274 1920 de
1289 1856 1366 1923 Sex.

218 1958 314 2027 Aelio
330 1982 396 2025 non
411 1982 483 2025 esse
504 1982 578 2025 cum
593 1958 767 2025 Harduino
788 1955 998 2043 cogitandum
1019 1956 1145 2022 docuit:
1169 1979 1235 2022 non
1257 1981 1366 2024 assen-

216 2064 293 2145 tior,
309 2060 398 2151 quod
408 2059 665 2129 iureconsultum
679 2058 937 2146 intellegendum
949 2081 1020 2124 esse
1034 2054 1172 2145 eumque
1187 2059 1224 2124 C.
1234 2060 1364 2125 Aelium

216 2163 350 2231 Gallum
365 2164 580 2249 existimauit.
611 2164 700 2245 Quid
716 2163 804 2227 enim
819 2172 882 2244 est,
897 2184 956 2226 cur
971 2161 1011 2227 de
1026 2182 1062 2225 re
1075 2183 1141 2227 ncn
1156 2162 1264 2227 minus
1279 2165 1363 2229 anti·

216 2267 351 2353 quitatis
368 2267 524 2332 scientiae
540 2286 637 2352 quam
658 2266 738 2330 iuris
753 2265 888 2351 propria
907 2272 1050 2349 nequeat
1069 2263 1157 2327 inter
1177 2262 1260 2330 duos
1280 2262 1364 2329 iure·

216 2367 384 2435 consultos
405 2369 504 2433 etiam
525 2368 757 2452 grammaticus
779 2366 875 2431 homo
897 2364 963 2430 dici
984 2363 1138 2431 Plautino
1163 2389 1262 2432 versu
1285 2390 1365 2433 usus

215 2492 288 2535 csse
303 2468 347 2535 ad
362 2468 673 2535 demonstrandum?
695 2468 810 2555 Neque
825 2467 912 2532 enim
927 2466 1014 2553 quod
1029 2488 1129 2551 supra
1143 2466 1286 2533 vidimus
1302 2468 1363 2535 hae

217 2571 410 2659 disciplinae
426 2573 506 2639 adeo
523 2582 592 2638 turn
607 2580 779 2657 separatae
794 2570 881 2634 inter
895 2590 929 2634 se
944 2566 1086 2635 fuerunt.
1112 2568 1242 2651 Quodsi
1256 2572 1364 2637 acrius

216 2675 329 2757 instas,
345 2684 477 2762 praesto
493 2684 544 2740 cst
557 2674 632 2761 ipsa
645 2672 717 2739 XII
732 2668 920 2737 tabularum
931 2670 1180 2757 interpretati03
1195 2673 1229 2737 in
1245 2673 1364 2761 quibus

215 2786 347 2841 cautum
372 2776 453 2858 fuit,
477 2798 518 2841 nc
538 2784 684 2841 murrata
708 2776 799 2863 potio
819 2784 948 2839 mortuo
976 2773 1144 2839 inderetur
1163 2773 1284 2857 (Varro
1308 2798 1361 2863 ap.
1461 2850 1464 2853 ⁴

137 2912 139 2918 s
214 2878 348 2943 Festum
363 2900 395 2965 p.
414 2878 474 2943 158
490 2878 567 2964 M.):
590 2888 688 2964 atque
703 2878 737 2943 id
752 2878 861 2964 ipsum
875 2876 941 2940 iam
957 2874 1184 2943 Gothofredus
1199 2877 1242 2941 ad
1257 2879 1363 2944 locum

214 2979 402 3045 Plinianum
422 2980 574 3047 adhibuit
594 2982 642 3066 (in
658 2980 790 3047 Ottonis
807 2978 908 3045 Thes.
923 2978 977 3044 III
998 3002 1029 3065 p.
1050 2978 1143 3065 145):
1168 2980 1231 3043 etsi
1253 2980 1362 3045 incau-

214 3084 280 3149 tius
309 3092 400 3149 ratus
420 3082 570 3149 Laelium
592 3082 735 3148 Felicem
761 3082 951 3168 posterioris
975 3082 1135 3168 temporis
1161 3080 1362 3147 iureconsul-

215 3194 285 3249 tum
292 3185 317 3272 ²)
334 3186 400 3251 ista
413 3183 496 3272 legis
512 3182 616 3251 verba
631 3192 906 3251 commentantem
927 3204 949 3247 a
961 3180 1070 3248 Plinio
1090 3183 1196 3248 citari.
1227 3182 1312 3248 Nam
1326 3184 1362 3248 id

215 3287 347 3374 quidem
362 3285 464 3353 nolim
479 3308 676 3373 magnopere
690 3307 824 3371 urgere,
846 3280 935 3373 quod
950 3306 993 3349 ex
1007 3284 1099 3349 Festi
1114 3282 1185 3350 loco
1201 3308 1234 3373 p.
1250 3286 1314 3351 273
1328 3308 1362 3350 v.

214 3411 306 3473 reus,
328 3390 385 3455 ubi
400 3388 488 3455 Aelii
504 3386 594 3454 Galli
615 3386 806 3453 definitione
825 3387 1009 3474 praemissa
1029 3386 1179 3473 porgitur
1199 3396 1245 3451 ‘ul
1258 3392 1363 3467 Cupito

216 3496 315 3555 Ateius
329 3496 360 3553 ln
374 3496 479 3555 eadem
494 3494 612 3569 quidem
627 3495 764 3571 opinione
779 3500 832 3565 est,
854 3492 910 3552 sed
928 3495 1099 3566 exemplo
1119 3494 1244 3551 adiisset
1264 3496 1362 3552 inter-

212 3599 418 3673 pretationem’
434 3590 638 3657 Mercklinus
653 3590 761 3656 effecit
777 3590 825 3675 (in
838 3589 1047 3656 Fleckeiseni
1062 3588 1184 3655 Annal.
1198 3588 1279 3677 phil.
1295 3590 1362 3657 vol.

215 3694 322 3782 suppl.
337 3692 391 3759 III
405 3716 438 3783 p.
453 3693 531 3780 679)
546 3692 678 3761 Aelium
693 3691 827 3759 Gallum
842 3689 994 3780 exempla
1014 3690 1132 3777 glossis
1153 3690 1276 3759 addere
1295 3715 1361 3760 nou

214 3796 433 3863 consuevisse.
767 3828 770 3835 ·

297 3900 449 3987 Denique
464 3898 653 3968 Priscianus
669 3922 701 3989 p.
718 3898 780 3967 792
795 3896 833 3964 Ρ.
849 3899 867 3965 Ι
881 3921 913 3987 p.
929 3897 993 3964 382
1008 3896 1051 3964 H.
1067 3898 1102 3963 in
1117 3900 1361 3965 enumeratione

216 4108 288 4175 apud
311 4106 433 4161 Gallium
451 4106 503 4159 XX
523 4111 551 4173 1,
571 4110 602 4159 12
627 4107 668 4173 (st
684 4106 806 4159 Plinium
824 4106 904 4159 XVII
924 4109 952 4171 1,
970 4106 997 4173 7)
1023 4104 1213 4174 corrigendum
1237 4122 1271 4159 ex
1294 4104 1359 4159 XVI

87 4252 97 4278 x
214 4196 254 4259 10,
273 4198 290 4247 8
308 4189 410 4259 (Gaius
427 4192 469 4245 111
487 4194 559 4257 223),
598 4193 675 4245 Adde
694 4194 897 4259 Quintilianum
914 4192 940 4244 V
958 4194 999 4256 10,
1016 4194 1059 4245 56.
1094 4191 1357 4258 Charisianus&

283 4277 304 4343 ¹)
330 4280 389 4331 Iam
417 4278 499 4330 video
522 4278 676 4344 Kayserum
699 4278 726 4329 h.
750 4278 769 4331 l.
794 4295 828 4329 ex
851 4277 911 4329 cod.
932 4277 1079 4329 Leidensis
1102 4279 1241 4343 scriptura
1263 4278 1359 4327 ‘lelius’

214 4364 298 4417 etiam
315 4366 418 4417 iustum
435 4380 605 4432 praenomen
621 4364 701 4416 Aelio
719 4365 885 4415 restituisse.

137 4514 139 4519 Ι
279 4448 301 4515 ²)
319 4450 355 4504 ct.
374 4450 408 4501 do
427 4449 476 4501 illo
490 4464 562 4517 quus
575 4448 747 4501 Bitscheiius
759 4449 860 4502 citati.
872 4448 890 4499 1.
905 4448 1006 4514 quibus
1019 4447 1161 4499 addendus
1173 4452 1217 4503 est
1228 4448 1358 4500 Marcili·

214 4548 263 4586 nus
281 4534 382 4588 Philol.
401 4536 464 4587 XVI
484 4536 532 4587 168
550 4550 609 4601 sqq.
