3409 5409
334 452 376 515 96
750 464 863 512 csrvr
886 463 1064 525 Qvnarvu.

334 641 390 686 nec
401 625 503 686 aderit
511 630 566 685 uut
577 640 693 684 eausa
708 629 763 683 aut
771 626 862 699 cupa
873 625 957 683 esto':
971 628 1009 683 ut
1020 618 1054 683 in
1065 617 1249 684 recentiore
1260 638 1323 679 usu
1336 620 1504 682 ‘caussa'

333 721 533 810 respondeat
547 723 578 787 ei
594 722 679 809 quod
696 724 731 787 in
744 720 817 807 lege
832 731 903 787 erat
919 721 1071 786 ‘vitium'

417 825 546 891 Eodem
560 833 671 889 autem
685 824 757 890 loce
772 823 862 912 quod
877 827 979 901 ‘suut'
994 845 1053 910 pro
1070 824 1163 899 ‘fuit'
1185 845 1206 887 a
1220 821 1389 908 Scaligero
1412 846 1502 887 mu·

333 938 444 995 tuatus
460 938 512 993 est
527 927 568 991 Ο.
583 926 777 1008 Muellerum,
803 949 871 992 non
893 926 960 990 iam
979 935 1031 991 est
1053 946 1111 990 cur
1131 924 1254 991 multus
1275 926 1338 989 sim
1352 925 1388 989 in
1408 946 1500 989 con-

332 1031 478 1096 iunctivo
495 1028 733 1114 redarguendo.
770 1030 822 1094 Ac
837 1026 884 1093 lie
908 1048 1026 1094 caussa
1047 1026 1180 1115 quidem
1202 1026 1393 1092 offensionis
1415 1026 1500 1091 ulla

333 1140 482 1219 apparet,
494 1153 568 1195 cum
584 1129 640 1196 lex
654 1129 831 1216 perfecti
845 1152 942 1196 usum
957 1130 1092 1195 minIme
1106 1141 1257 1217 respuat:
1275 1130 1318 1195 cf.
1332 1128 1502 1194 x114‘se·
1577 1194 1580 1206 ,

333 1239 497 1298 vindiciam
509 1236 622 1309 salsam
637 1240 728 1306 mliv,
756 1231 810 1296 III
830 1233 851 1297 6
873 1240 917 1297 ‘sc'
934 1239 1004 1312 plus
1024 1240 1157 1298 minusue
1176 1240 1357 1298 secuerunt!
1396 1230 1494 1297 Nam

334 1356 412 1401 sane
428 1334 491 1399 duo
506 1333 569 1399 loci
584 1333 772 1421 excipiendi
787 1344 864 1399 sunt
878 1334 949 1400 XII
964 1335 984 1399 3
1006 1341 1046 1399 ‘si
1058 1356 1162 1400 seruus
1180 1338 1299 1412 furtum
1316 1336 1405 1412 suxit
1424 1355 1495 1398 uo-

333 1445 454 1502 riumue
467 1442 582 1501 mocuit'
599 1447 632 1501 et
645 1435 731 1501 VIII
746 1436 768 1498 2
782 1439 821 1500 ‘si
833 1442 994 1503 membrum
1009 1445 1105 1519 rapu,
1121 1443 1155 1501 m'
1167 1458 1235 1503 cum
1249 1456 1284 1501 eo
1294 1442 1393 1516 pacit,
1409 1443 1496 1501 talio

333 1546 416 1605 esto?
453 1540 603 1621 Quorum
624 1536 727 1603 altero
747 1538 815 1602 iam
829 1538 918 1625 quod
932 1540 1102 1625 praecedit
1116 1543 1222 1617 ‘saxu'
1236 1538 1373 1604 Pithoeo
1389 1536 1493 1603 favet

333 1647 475 1706 ‘mouit'
491 1642 719 1729 reponenti-
736 1662 821 1726 quae
836 1640 944 1705 forma
965 1650 997 1706 et
1011 1663 1055 1707 ex
1075 1640 1195 1707 Lucilii
1214 1662 1314 1707 versu
1336 1641 1490 1705 innotuit

335 1744 468 1830 (Festus
484 1767 517 1830 p.
532 1743 596 1809 360
610 1766 641 1807 v.
658 1746 759 1826 tama)
776 1750 898 1822 ‘inpura
914 1764 951 1807 ue
965 1752 1090 1821 emutat,
1102 1750 1245 1825 papulae,
1261 1754 1354 1820 tama,
1372 1764 1410 1807 ae
1425 1746 1490 1807 baa

334 1852 435 1910 noait'
458 1854 492 1909 et
511 1867 554 1910 ex
573 1846 749 1911 Frontonis
771 1844 815 1909 ad
833 1844 880 1909 M.
903 1844 1079 1911 Caesarem
1099 1867 1151 1933 ep.
1173 1844 1228 1911 ΙΙΙ
1250 1845 1289 1910 13
1308 1867 1342 1931 p.
1364 1842 1405 1909 78
1428 1843 1486 1909 ed.

335 1948 429 2013 Rom.
452 1952 504 2011 ‘me
522 1952 614 2026 piscis
637 1952 739 2025 aliquo
763 1955 885 2012 nouat?
920 1950 962 2013 ef.
985 1948 1108 2035 Papiae
1127 1946 1172 2034 gl.
1195 1952 1299 2013 ‘noxit
1316 1958 1412 2013 neam
1433 1947 1485 2027 (l)

334 2055 440 2116 crocet?
477 2047 605 2114 Placidi
631 2047 675 2133 gl.
705 2070 737 2134 p.
760 2048 825 2115 486
849 2048 894 2115 Μ.
924 2057 1026 2115 ‘uouit
1048 2057 1141 2115 uecta
1166 2060 1210 2115 eu
1235 2049 1323 2129 (sill)
1351 2056 1398 2115 uel
1422 2070 1485 2113 mo-

334 2159 424 2217 ceut!
541 2192 544 2198 -

419 2254 490 2319 Iam
505 2251 609 2318 altero
624 2253 697 2320 loco
712 2254 884 2341 quominus
900 2260 1004 2335 *rupa*
1020 2254 1191 2342 probetur,
1212 2255 1362 2341 inprimis
1378 2256 1482 2343 impe·

334 2358 384 2423 dit
397 2356 487 2421 Festi
501 2355 613 2442 glossa
626 2378 659 2443 p.
674 2355 738 2421 265
752 2355 934 2421 rectissime
955 2379 975 2421 a
989 2356 1191 2423 Mommseno
1212 2356 1291 2423 illuc
1310 2366 1478 2425 revocata.

333 2460 400 2525 Ubi
414 2457 501 2547 quod
516 2456 616 2543 vulgo
631 2458 753 2543 legitur
767 2462 920 2538 ‘Rupilias
934 2468 966 2524 ia
982 2462 1049 2523 XII
1059 2466 1209 2537 siputficat
1223 2465 1365 2525 damnum
1380 2465 1482 2526 dede-

333 2568 390 2627 m't’
407 2560 544 2626 mirifice
558 2562 726 2625 hominum
742 2558 911 2625 doctorum
927 2582 1063 2626 acumen
1086 2561 1245 2629 exercuit:
1269 2584 1354 2649 quae
1374 2564 1482 2629 verba
1559 2595 1562 2607 ·

333 2686 407 2729 cum
422 2685 464 2727 ex
478 2662 643 2749 prioribus
659 2662 782 2727 criticis
798 2662 932 2749 quidam
951 2662 1037 2728 inter
1056 2685 1092 2729 se
1111 2662 1285 2729 conciliare
1307 2663 1481 2739 studerent

334 2764 387 2831 vel
402 2768 562 2829 ‘dederis'
578 2765 631 2829 vel
647 2771 814 2844 ‘rupittut’
837 2775 982 2829 correcto
997 2804 1040 2815 -
1054 2764 1179 2831 scilicet
1193 2764 1275 2830 nihil
1295 2768 1415 2833 morati
1430 2768 1479 2831 in-

333 2866 481 2933 auditam
500 2865 602 2931 futuri
622 2866 851 2932 formationem
873 2904 911 2915 —
932 2866 1127 2933 recentiores
1147 2866 1217 2933 fere
1243 2870 1481 2955 acquieverunt

332 2971 367 3034 in
382 2968 529 3035 Dacierii
544 2969 697 3056 opinione
713 2967 875 3035 excidisse
890 2968 1016 3055 aliquid
1030 2980 1105 3055 post
1120 2976 1281 3051 ‘rupiliusss
1301 2972 1394 3037 velut
1407 2976 1479 3051 ‘fu-

333 3077 415 3137 ce't’:
429 3080 468 3136 ut
488 3068 552 3135 huc
571 3079 726 3136 revocato
746 3069 816 3137 loco
832 3093 864 3158 p.
881 3070 944 3136 323
959 3076 1088 3137 ‘earcuo
1109 3079 1141 3135 lu
1162 3076 1231 3136 XII
1243 3076 1309 3137 Ser.
1326 3076 1481 3155 Sulpicius

332 3183 377 3240 uit
389 3180 562 3254 sipuificure
580 3177 722 3237 damnum
742 3180 859 3251 smalto,
881 3181 1051 3254 praestato'
1072 3174 1291 3260 fragmentum
1315 3175 1479 3242 eiusmodi

334 3276 504 3342 afficerent
525 3282 670 3357 ‘rupilius
692 3283 744 3354 uui
760 3279 848 3353 sumu
862 3298 888 3341 s.
905 3284 958 3356 put
979 3283 1094 3340 iniuria
1105 3280 1207 3355 suxit,
1225 3286 1352 3343 sarmto’
1373 3278 1416 3344 cf.
1434 3280 1475 3345 Ο.

333 3378 445 3445 Muell.
468 3377 511 3443 ad
532 3378 564 3442 h.
580 3377 602 3442 l.
618 3378 811 3443 Huschkius
834 3379 974 3445 ‘Gaius’
996 3400 1028 3464 p.
1047 3378 1107 3443 106
1128 3378 1263 3465 (Annal.
1280 3381 1342 3449 iur.
1359 3382 1475 3449 scient.

332 3482 446 3549 histor.
463 3481 553 3548 XIII
567 3481 628 3546 261
644 3505 676 3546 n.
694 3483 759 3567 lt).
783 3481 872 3562 Quin
887 3480 970 3545 mira
985 3480 1095 3547 omnia
1110 3480 1151 3545 de
1165 3481 1232 3547 ista
1246 3482 1275 3547 si
1289 3483 1352 3549 Dis
1366 3483 1479 3571 placet

332 3585 457 3672 rupitia
481 3622 523 3632 —
549 3605 648 3671 quarn
678 3584 760 3649 adeo
786 3583 956 3649 Ciceronis
981 3582 1083 3649 Bruto
1109 3604 1137 3648 c.
1162 3584 1205 3649 34
1228 3585 1410 3674 impertivit
1432 3603 1477 3636 ·-

333 3685 526 3752 Huschkius
546 3687 723 3751 somniavit
742 3684 915 3752 Rudorllio
938 3685 1056 3750 comite
1071 3684 1129 3770 (H.
1151 3686 1172 3749 i.
1189 3708 1216 3751 r.
1236 3686 1272 3751 II
1291 3688 1355 3754 359
1374 3712 1407 3754 n.
1426 3692 1475 3776 1):

333 3810 433 3876 quam
447 3788 572 3876 placuit
585 3789 728 3877 priscum
743 3789 883 3853 iniuriae
898 3810 1000 3872 genus
1021 3786 1124 3853 fuisse
1145 3800 1179 3854 et
1197 3810 1301 3876 usque
1320 3790 1364 3856 ad
1385 3791 1476 3857 dam·

332 3912 411 3956 num
424 3890 497 3977 lege
513 3890 646 3978 Aquilia
659 3890 882 3957 introductum
898 3889 1090 3955 obtinuisse.
1131 3892 1177 3955 At
1189 3901 1228 3956 ut
1242 3892 1394 3957 omittam
1408 3894 1476 3960 tale

332 4003 543 4082 praeceptum
567 3996 602 4059 in
628 3994 819 4058 universum
843 3992 1090 4079 pronuntiatum
1115 3992 1247 4059 minime
1276 3996 1476 4082 respondere

333 4095 404 4160 XII
424 4095 610 4162 tabularum
624 4095 743 4161 indoli:
769 4095 899 4160 omnino
920 4115 1031 4160 carere
1052 4115 1224 4181 possumus
1245 4096 1295 4162 his
1316 4098 1475 4186 interpre·
1545 4118 1549 4125 ’

331 4196 425 4263 tandi
440 4198 599 4264 artificiis.
630 4198 804 4263 Nemeum
819 4195 928 4263 Keilio
944 4206 1025 4263 teste
1040 4204 1106 4261 ‘iu’
1122 4207 1199 4263 ante
1215 4196 1312 4263 ‘XII’
1328 4222 1348 4265 a
1363 4200 1475 4267 codice

332 4300 436 4383 absit,
457 4300 541 4368 bene
561 4301 783 4367 Mommsenus
803 4298 889 4364 Mus.
911 4284 1002 4364 rhen.
1024 4298 1090 4363 XV
1112 4300 1176 4364 464
1198 4302 1475 4388 praepositionem

332 4403 433 4468 latere
447 4404 482 4469 in
496 4412 651 4489 corrupta
672 4424 753 4469 voce
774 4408 933 4482 ‘rupilius’
950 4403 1126 4490 perspexit.
1156 4402 1248 4469 Idem
1269 4412 1474 4469 tamencum

332 4512 427 4589 ‘rupit
438 4490 483 4570 'ia’
500 4515 624 4571 statuat
639 4506 797 4591 scriptum
812 4514 910 4593 atque
927 4504 1003 4570 inde
1023 4506 1231 4593 potissimum
1246 4518 1474 4591 argumentum
