3409 5409
382 551 430 599 na
452 552 504 599 x11
527 550 740 600 rnavuenvn
764 552 942 614 rumonus
964 554 1211 603 conuersum.
1323 540 1365 605 59

218 714 311 771 sturm
325 710 577 771 constituebantur
592 701 611 769 'a
622 714 743 788 nocuo,
759 714 812 787 qui
823 711 1004 788 capitalibus
1017 712 1106 772 retur
1116 720 1298 789 procrearat,
1314 717 1367 789 qui
1385 690 1388 695 ¹

219 812 453 887 appellabantur
473 822 700 888 quaestores
717 816 948 890 parricidii:
977 830 1133 891 quorum
1154 818 1266 878 etiam
1286 832 1364 877 rue-

218 917 327 975 rninit
340 917 404 976 lex
418 914 500 976 XII
512 916 748 977 tabularum?
770 912 867 978 Unde
881 934 956 979 cnm
971 913 1070 980 talem
1085 916 1281 982 sententiam
1296 914 1365 978 effi-

218 1022 330 1079 cerent
355 1013 562 1081 restitutores
590 1016 663 1101 ‘qui
689 1036 741 1080 res
767 1014 925 1102 capitales
951 1026 1110 1104 quaerant
1135 1026 1169 1082 et
1195 1016 1366 1082 vindicent

217 1125 408 1203 quaestores
421 1116 590 1202 parricidii
607 1127 715 1184 sunto’
731 1116 784 1183 vel
801 1118 906 1183 ‘Parn
924 1130 1051 1206 quaest.
1067 1120 1122 1205 qni
1143 1118 1306 1204 decapite
1321 1117 1364 1181 ci·

215 1219 270 1283 vis
286 1216 426 1283 Romani
441 1230 611 1305 quaerant,
628 1242 648 1283 a
662 1220 783 1307 populo
800 1230 968 1292 creantor’
984 1222 1076 1305 eim,
1092 1232 1161 1287 tum
1176 1220 1365 1286 Dirksenns

214 1342 347 1409 quoqne
363 1320 568 1387 Gothofredo
589 1330 722 1389 auctore
742 1344 847 1387 nonae
869 1322 1001 1389 tabulae
1021 1324 1073 1388 ins
1092 1322 1261 1410 publicum
1280 1342 1365 1387 com-

213 1421 336 1511 plexae
350 1422 571 1508 fragmentum
587 1424 703 1490 tribuit
719 1424 785 1507 (IX
800 1424 846 1510 4).
867 1424 991 1490 Verum
1006 1424 1047 1490 de
1062 1424 1252 1491 creandis
1268 1447 1365 1512 quae·

212 1524 361 1591 etoribne
377 1525 483 1611 legem
497 1548 563 1592 non
577 1526 680 1591 fuisse
694 1564 737 1575 —
751 1527 808 1615 qni
823 1527 954 1614 quidem
973 1529 1040 1591 iam
1061 1537 1137 1593 ante
1159 1526 1364 1593 decemviros

212 1626 387 1693 extiterint
402 1628 445 1694 cf.
461 1628 596 1694 Tacitus
612 1630 700 1693 Ann.
717 1628 769 1693 XI
784 1628 836 1693 22.
853 1630 971 1694 Zonar.
986 1628 1055 1695 VII
1073 1630 1112 1694 13
1127 1630 1255 1717 —ipse
1270 1628 1365 1694 Pom·

211 1730 335 1819 penius
357 1729 500 1795 dilucide
521 1728 647 1797 indicat
669 1732 779 1799 verbis
802 1739 945 1811 ‘quornm
964 1738 1054 1797 etiam
1073 1739 1205 1797 meminit
1226 1739 1279 1798 tec
1297 1734 1369 1794 XII

213 1836 418 1898 tedmarum!
430 1832 455 1918 ¹)
498 1835 545 1899 At
572 1833 646 1917 nbi,
676 1856 816 1921 quaeso,
853 1834 962 1920 aptius
992 1856 1105 1900 eornm
1134 1835 1257 1900 mentio
1286 1832 1365 1898 inici

210 1944 349 2024 poterat
363 1956 461 2023 qnam
476 1937 510 2001 in
525 1934 703 2022 parricidio
719 1936 941 2002 vindicando?
970 1934 1054 2003 Cum
1068 1936 1132 2003 hoc
1151 1938 1252 2022 igitur
1271 1956 1366 2023 prse-

211 2046 314 2124 cepto
335 2036 486 2125 equidem
502 2036 676 2105 conciliare
697 2060 763 2104 non
784 2039 935 2103 dubitavi
953 2037 1053 2122 (VIII
1066 2039 1134 2128 25).
1166 2038 1367 2125 Comparare

210 2138 423 2226 aliquatenus
439 2139 532 2223 licet,
548 2140 636 2229 quod
651 2142 685 2205 in
697 2140 792 2206 Pauli
806 2162 903 2229 quem
918 2140 1014 2206 attuli
1028 2140 1100 2207 ioco
1116 2164 1191 2207 cnm
1206 2138 1365 2228 parricidi

210 2242 447 2330 quaestoribus
467 2243 613 2329 iungitur
638 2240 767 2308 Numae
791 2242 845 2308 lex
871 2243 913 2307 de
939 2242 1106 2329 paricidio.
1146 2243 1257 2330 Atque
1280 2241 1366 2307 hanc
1483 2324 1490 2334 δ

210 2346 325 2432 ipsam
339 2342 446 2429 legem
464 2350 503 2410 ‘n'
516 2346 596 2430 [ant]
612 2350 757 2411 tramittem
771 2350 897 2409 liberum
912 2350 980 2410 doto
991 2352 1090 2410 sciens
1103 2352 1192 2411 morti
1210 2350 1288 2421 auu,
1301 2365 1365 2424 pa-

211 2452 333 2515 ricidos
346 2453 418 2512 esto'
428 2448 454 2536 ²)
471 2448 499 2512 si
514 2447 588 2535 quis
603 2446 725 2514 dixerit
740 2470 782 2513 ex
793 2446 864 2511 XII
879 2446 1000 2512 tabulis
1015 2450 1124 2535 potina
1138 2468 1176 2512 eo
1188 2470 1253 2535 qno
1265 2446 1365 2532 signi·

202 2550 316 2646 ¹iiouvi
331 2548 428 2616 modo
444 2550 615 2637 repetitam
631 2572 712 2631 esse,
734 2571 786 2614 me
805 2572 871 2615 non
891 2548 1028 2615 habebit
1046 2548 1288 2615 adversantem.
1325 2546 1365 2612 In

212 2676 284 2741 qna
305 2652 391 2740 quod
411 2650 603 2719 Rudorffius
624 2652 668 2717 H.
683 2652 705 2717 i.
726 2673 808 2718 rom.
829 2652 865 2717 11
885 2674 917 2739 p.
933 2652 997 2717 370
1016 2652 1207 2731 recentioris
1228 2648 1364 2735 originis

214 2754 396 2840 vestigium
408 2751 724 2843 deprehendit‘doli’
732 2752 1016 2839 significationem,
1025 2754 1105 2841 qnid
1115 2756 1164 2820 rei
1177 2754 1221 2819 sit
1230 2754 1363 2837 ignoro:
1447 2809 1453 2818 .

214 2859 260 2923 de
282 2856 352 2922 XII
375 2857 507 2943 quidem
529 2858 562 2923 id
583 2880 647 2922 non
669 2854 780 2921 valere
800 2856 954 2923 Donatus
974 2857 1069 2922 testis
1089 2867 1141 2923 est
1167 2856 1211 2921 ad
1232 2855 1365 2919 Terent.

216 2960 305 3027 Eun.
328 2958 381 3025 III
402 2960 439 3042 3,
461 2961 482 3025 9
501 2965 581 3025 ‘doto
601 2968 680 3025 mulo
699 2964 775 3023 haec
793 2964 864 3033 fieri
880 2960 994 3042 omnia]
1019 2962 1104 3034 Ouod
1128 2968 1227 3023 numm
1245 2960 1368 3021 additu

216 3067 361 3127 “malo'’
383 3076 437 3127 aut
456 3062 630 3145 ἀρχαϊεμόε
650 3074 693 3127 eu
713 3068 783 3141 quia
803 3068 848 3127 sic
868 3068 899 3126 in
919 3066 1001 3125 XII
1019 3066 1160 3125 tabulis
1179 3080 1199 3123 a
1219 3062 1366 3123 remon

215 3171 364 3245 scriptum
383 3172 442 3231 est’
459 3214 466 3228 .
484 3214 515 3229 ..
550 3164 615 3229 Sed
636 3166 670 3229 in
691 3188 725 3231 re
746 3187 880 3253 prorsus
904 3166 1032 3230 ineerta
1056 3172 1205 3252 praestat
1229 3183 1365 3249 parcere

216 3267 427 3335 coniecturis.

284 3369 372 3437 Illud
387 3391 466 3435 vero
481 3370 562 3435 satis
579 3370 659 3434 mire
674 3369 806 3453 accidit,
822 3370 912 3457 quod
927 3391 1011 3456 qnae
1027 3368 1074 3433 de
1089 3368 1170 3433 viis
1186 3366 1365 3431 munien-

217 3474 284 3539 dis
299 3471 388 3559 apud
403 3472 538 3537 Festum
553 3492 585 3555 p.
600 3472 661 3547 371
678 3470 724 3534 M.
740 3480 874 3535 servata
894 3480 971 3535 sunt
990 3472 1039 3535 ita
1058 3470 1182 3555 scripta
1200 3468 1236 3531 in
1253 3466 1365 3533 Ursini

217 3574 347 3642 codice:
371 3580 464 3639 ‘Viae
483 3578 636 3638 muniunto
656 3578 803 3637 dionisam
823 3578 942 3653 lapides
961 3582 1030 3636 sunt
1054 3591 1114 3651 qua
1140 3576 1216 3634 rotet
1234 3574 1366 3635 iumento

217 3683 321 3758 naito'
342 3697 477 3765 prorsus
498 3676 652 3763 fugerunt
677 3677 905 3742 restitutorum
925 3673 1077 3761 aciem³):
1106 3692 1303 3760 quamquam
1324 3694 1366 3735 ex

217 3780 294 3865 lege
309 3778 484 3867 desumpta
498 3802 569 3847 esse
590 3778 715 3845 dudum
735 3777 890 3867 probavit
904 3777 1079 3843 Dacierins
1102 3774 1222 3841 collato
1237 3774 1365 3840 Cicero·
1462 3828 1471 3845 .

291 4004 312 4070 ¹)
330 4005 410 4072 Apud
427 4006 539 4058 Festum
557 4022 582 4072 p.
601 4006 652 4057 258
671 4004 841 4068 ‘Quaestores
860 4002 1022 4069 (mechantur
1040 4004 1084 4068 qui
1100 4004 1258 4069 quaererent
1274 4000 1307 4051 de
1323 4014 1366 4049 re-

220 4092 280 4157 bus)
297 4090 463 4157 capitalibus,
480 4092 547 4143 uude
565 4088 651 4155 (iidem
669 4094 744 4143 etiam
763 4130 768 4141 .
789 4129 795 4141 .
815 4128 821 4143 .
841 4128 846 4141 .
867 4097 1016 4157 quaestam
1032 4086 1175 4154 parri)atdi
1191 4088 1366 4153 appeumttm’

221 4194 278 4229 non
296 4178 357 4229 sine
375 4178 470 4244 specie
488 4176 673 4228 (iothofredns
691 4178 720 4227 iu
738 4176 839 4229 lacuna
856 4176 950 4243 posuit
967 4176 1008 4224 ‘in
1028 4174 1088 4223 XII
1096 4177 1112 4223 ’.

290 4260 312 4328 ¹)
330 4262 481 4315 Praeclare
503 4262 537 4313 de
557 4278 591 4313 ee
613 4261 675 4327 lege
698 4261 852 4329 disputavit
869 4260 980 4313 Rubino
1002 4261 1030 4308 in
1055 4274 1172 4309 censura
1195 4256 1261 4309 libri
1278 4256 1367 4307 Oseu-

222 4346 426 4417 brueggeniani
444 4346 646 4415 de’parricidio
665 4350 719 4399 net.
737 4347 814 4399 Rom.
832 4347 911 4396 Diar.
930 4346 1017 4410 antiq.
1035 4342 1105 4394 stud.
1121 4342 1187 4393 1844
1204 4358 1232 4408 p.
1245 4341 1295 4393 388
1307 4356 1365 4407 sqq.

290 4430 312 4499 ⁸)
336 4433 414 4485 Unus
443 4434 563 4485 tenure
585 4431 718 4484 Pithoeus
745 4430 936 4497 excipiendus,
965 4431 1014 4495 qui
1039 4429 1080 4479 ita
1106 4427 1236 4480 formarit
1261 4426 1364 4493 legemr

133 4532 139 4541 ¹
224 4516 398 4585 ‘Amsegetes
415 4518 490 4572 viam
508 4519 664 4581 muniuut03
682 4517 707 4568 si
724 4517 772 4568 vie
790 4515 934 4567 iminunitr
952 4516 1036 4576 escit,
1055 4530 1111 4581 qua
1128 4514 1205 4566 rotet
1216 4513 1367 4565 iumentum

226 4602 322 4669 agitor
