3409 5409
675 578 817 627 essuos
838 580 886 631 rx.
909 582 942 629 x.
1134 641 1138 649 Ι
1331 561 1391 627 153

246 730 436 797 tabularum
457 731 550 797 iubet
571 756 646 797 eum
675 734 731 819 qui
758 733 886 801 hostem
915 734 1130 801 concitauerit
1158 732 1257 821 quiue
1284 734 1391 799 ciuem

246 833 334 901 hosti
356 834 531 901 tradiderit
552 836 661 922 eapite
681 836 818 922 puniri!

688 1040 872 1107 TABVLA
902 1040 946 1106 X.

806 1198 833 1261 l.

330 1316 496 1365 neuturus
518 1316 689 1363 uourvvu
718 1316 756 1362 [rt
777 1316 870 1363 vitus
891 1316 937 1363 Nu
961 1316 1130 1365 sursulro
1158 1317 1250 1363 riuvu
1273 1316 1390 1365 vu1r0.

800 1401 831 1465 2.

331 1520 402 1569 HOC
424 1520 510 1569 Puvs
533 1520 580 1567 NE
600 1519 743 1569 noluo:
767 1520 891 1569 ROGVM
914 1518 1024 1569 Aecus
1047 1520 1092 1568 NE
1114 1521 1254 1571 POLI'PO.

330 1707 446 1773 Cicero
467 1706 509 1772 de
523 1706 586 1792 leg.
603 1706 707 1789 1123,
729 1708 781 1773 59.
805 1708 1013 1776 ‘Extenuato
1029 1708 1132 1792 igitur
1147 1718 1294 1795 sumptu,
1318 1710 1390 1774 tri-

247 1810 319 1875 bus
348 1809 515 1899 reciniis
548 1817 664 1878 relictis
701 1820 733 1874 ct
767 1832 843 1876 uno
876 1810 991 1877 clauo
1026 1832 1229 1897 purpurae
1261 1818 1294 1874 et
1326 1811 1390 1876 de-

246 1934 329 1976 ecm
352 1911 592 1977 tibicinibus
616 1911 703 1978 tollit
724 1912 825 1977 etiam
845 1911 1137 1979 lamentationem!
1169 1916 1226 1977 oid.
1243 1934 1277 1993 p.
1294 1924 1390 1993 etse.

312 2172 338 2223 X
357 2174 381 2221 1.
401 2171 501 2229 Cicero
520 2170 554 2222 de
572 2170 627 2237 leg.
644 2172 673 2223 11
690 2173 732 2234 23,
751 2173 785 2223 68
803 2174 858 2221 ‘set
877 2186 992 2236 quaero,
1012 2171 1142 2235 quidnam
1166 2174 1203 2221 sit
1223 2172 1249 2221 in
1269 2172 1388 2239 iegibus.

246 2256 279 2310 Μ,
297 2257 394 2305 Peuce
412 2272 493 2317 seue,
512 2254 593 2321 Tite,
613 2260 642 2305 et
659 2262 690 2305 ut
707 2256 828 2306 arbitror
845 2272 899 2306 non
914 2257 1010 2322 ignoto
1023 2256 1110 2307 uobis.
1136 2255 1190 2305 Sed
1210 2272 1241 2305 ea
1261 2272 1314 2307 uon
1333 2262 1389 2307 tum

246 2341 281 2391 ed
299 2342 462 2406 religionem
480 2345 609 2406 spectent
626 2355 709 2404 quom
728 2340 764 2391 sd
791 2342 834 2391 ius
858 2340 1055 2405 sepulcrorum.
1092 2340 1280 2389 ‘Hominem
1304 2356 1390 2392 mer-

245 2430 349 2476 tuum’
367 2425 458 2492 inquil
475 2424 521 2475 lex
537 2426 567 2474 in
585 2424 729 2476 duodecim
746 2422 839 2490 (milis
857 2427 918 2476 odd.
938 2425 1012 2475 Lorii.
1032 2429 1055 2474 Α
1076 2440 1111 2475 ex
1129 2426 1216 2475 lietera
1234 2442 1299 2491 picae
1311 2443 1390 2490 prue-
1493 2480 1496 2486 ,

245 2513 313 2563 cedit
329 2518 423 2569 orirer,
445 2512 512 2561 unde
533 2512 597 2560 mule
620 2512 734 2561 editores
761 2511 791 2561 in
812 2510 868 2561 XII
891 2509 1011 2573 tubulis)
1035 2510 1085 2559 ‘in
1109 2546 1114 2559 .
1141 2546 1147 2558 .
1168 2513 1191 2560 .’
1232 2510 1321 2562 Crede
1343 2511 1390 2563 uel

244 2600 356 2664 propter
383 2595 457 2662 ignis
484 2596 646 2661 periculum.
689 2596 768 2660 Quod
794 2601 886 2646 eutem
917 2594 994 2647 addit
1020 2598 1119 2646 ‘neue
1147 2594 1253 2647 urito’
1283 2595 1391 2648 indicet

245 2696 300 2733 non
323 2682 370 2747 qui
391 2685 489 2731 uretur
511 2680 639 2747 sepeliri,
662 2680 712 2732 sed
734 2682 780 2747 qui
801 2679 950 2731 humetur.²
985 2678 1108 2731 Isidorus
1132 2679 1210 2747 Orig.
1233 2682 1285 2731 XV
1309 2684 1355 2746 11,
1376 2684 1389 2733 l

246 2767 342 2817 ‘Prius
365 2769 458 2817 sutem
481 2766 596 2831 quisquo
616 2766 644 2816 in
670 2766 748 2818 demo
771 2780 823 2817 sus
847 2764 1045 2831 sepeliebatur.
1081 2764 1185 2815 Postce
1207 2766 1323 2816 uetitum
1347 2772 1391 2817 sot

245 2851 363 2917 legibus,
382 2866 417 2902 uc
429 2851 535 2903 foetore
548 2851 609 2917 ipso
622 2848 725 2918 (ipsol)
745 2865 862 2917 corporo
879 2850 1032 2901 uiuentium
1046 2854 1177 2901 contecto
1190 2850 1388 2902 inficerentur)

312 2940 338 2991 2.
357 2936 454 2988 Cicero
473 2936 510 2987 ib.
530 2938 563 2988 59
582 2937 652 2987 ‘Iom
671 2940 767 2988 cetero
784 2938 813 2987 iu
826 2935 881 2994 x11
900 2933 1041 2986 minuendi
1060 2938 1185 3000 sumptus
1204 2941 1268 2986 eunt
1284 2936 1389 2987 lernen·
1409 2924 1413 2933 ’

244 3022 417 3087 tutionisquc
440 3022 578 3086 funebris,
601 3020 741 3073 translate
762 3020 797 3072 de
812 2994 930 3073 ⁰Solonis
954 3020 1011 3073 lere
1038 3018 1155 3087 legibus.
1191 3020 1278 3073 ‘Hoc
1296 3020 1389 3086 plus’

244 3108 337 3173 inquit
354 3113 410 3159 ‘ue
429 3145 435 3157 .
456 3146 463 3160 .
482 3110 501 3156 .’

313 3195 337 3248 s.
355 3192 396 3243 Id.
410 3193 448 3246 ib.
462 3190 505 3257 26,
518 3193 551 3242 54
569 3192 688 3244 ‘Pesteo
706 3208 799 3258 quem,
819 3199 851 3244 ut
863 3193 960 3245 scribit
978 3191 1137 3254 Phalereus,
1157 3196 1318 3257 sumptuose
1331 3191 1391 3242 fieri

245 3278 345 3328 funere
369 3281 398 3327 et
422 3276 615 3329 lamentabilie
643 3278 815 3344 coepissent,
840 3277 950 3329 Solonis
978 3276 1041 3343 lege
1066 3276 1180 3327 subluto
1204 3281 1282 3338 sunt,
1308 3290 1389 3341 quem

244 3363 336 3428 legem
355 3360 459 3413 eisdem
476 3378 562 3427 prope
579 3362 673 3413 uerbis
685 3364 774 3413 nostri
786 3362 934 3413 decemuiri
952 3363 980 3412 iu
1000 3362 1164 3412 decimum
1181 3360 1307 3411 tabulam
1326 3378 1389 3411 con-

243 3448 383 3499 iecerunt:
411 3462 476 3497 uum
498 3445 531 3497 de
559 3446 648 3497 tribus
674 3448 787 3497 reciuiis
814 3450 843 3497 et
866 3446 997 3512 pleraque
1020 3444 1071 3495 ille
1095 3445 1204 3494 Selenio
1227 3442 1310 3497 suut)
1352 3447 1388 3499 ef.

243 3531 403 3582 Ammianus
421 3530 545 3584 Marcell.
563 3530 627 3581 xvl
646 3534 670 3594 5,
691 3535 715 3583 1.
738 3532 839 3603 Festps
858 3546 884 3596 p.
904 3533 954 3581 274
972 3531 1008 3579 M.
1028 3528 1189 3579 ‘Reciniuru
1208 3544 1286 3579 omue
1306 3532 1388 3581 uesti-

244 3621 365 3668 mentum
384 3615 548 3681 quodrstum
566 3616 594 3667 oi
612 3616 658 3680 qui
676 3615 730 3666 XII
747 3616 925 3680 interpretati
937 3619 1013 3678 eunt,
1034 3628 1095 3665 esse
1109 3614 1250 3677 dixeruut3
1269 3614 1312 3663 uir
1324 3619 1389 3681 tego

245 3698 371 3765 (Verrius
388 3705 551 3767 togamque
562 3700 667 3764 Lipsius
678 3700 764 3765 Epist.
779 3700 825 3761 Qe.
838 3702 855 3750 1
869 3697 893 3766 7)
914 3700 1043 3751 mulieres
1055 3698 1205 3749 utebantur
1216 3705 1404 3765 praetextum*

244 3785 324 3836 clauc
336 3790 485 3851 purpureo’
504 3801 528 3837 e.
542 3801 567 3851 q.
579 3801 603 3835 s.
636 3786 740 3837 Nouius
757 3802 784 3851 p.
802 3787 852 3835 542
871 3786 999 3835 ‘ricinum
1018 3784 1045 3848 (ἱ.
1065 3784 1201 3851 ricinium)
1221 3784 1293 3850 quod
1316 3800 1390 3837 nune
1428 3844 1434 3855 Ι

244 3870 404 3921 moiurtium
422 3870 538 3933 dicitur,
556 3868 706 3936 polleolum
723 3870 872 3921 femineum
892 3870 985 3925 breue.
1020 3871 1109 3920 Verre
1128 3870 1161 3920 de
1181 3871 1240 3920 uite
1257 3887 1284 3935 p.
1297 3870 1329 3923 R.
1343 3871 1389 3922 l.l

244 3958 291 4005 ‘et
307 3955 334 4017 (l.
354 3954 399 4019 ex)
419 3970 472 4020 quo
490 3954 622 4007 mulieres
639 3955 668 4005 in
687 3954 812 4007 aduersis
831 3956 913 4006 reims
933 3971 966 4005 sc
986 3954 1121 4015 luctibus,
1142 3970 1203 4005 eum
1222 3970 1328 4005 ornnem
1341 3970 1388 4005 ue·

243 4040 339 4090 etitem
361 4039 553 4090 delicatiorem
577 4056 611 4090 oc
627 4040 794 4091 luxuriosum
816 4044 934 4105 ponunt,
958 4040 1057 4090 ricinia
1075 4042 1207 4089 sumunt.’
1243 4040 1280 4092 cf.
1301 4040 1388 4089 Verre

244 4124 278 4175 de
296 4124 315 4175 1.
334 4124 460 4176 1.v1se.
479 4123 590 4175 Seruius
608 4125 644 4174 ud
656 4126 723 4176 Aen.
737 4124 752 4174 I
769 4126 827 4174 282.
847 4124 1066 4185 Thomee,Thes.
1080 4139 1143 4175 nou.
1155 4123 1235 4179 latin.
1248 4140 1273 4189 p.
1288 4126 1338 4175 508
1350 4124 1387 4174 Μ.

243 4208 340 4259 decem
364 4205 483 4274 tibicini
504 4209 541 4258 cl.
561 4207 640 4258 Ouid.
661 4210 740 4259 Fosi.
758 4211 798 4261 VI
815 4209 865 4259 667
884 4224 925 4273 oq.

331 4452 359 4507 1.
385 4468 421 4507 us
440 4450 513 4506 urite
530 4450 631 4522 priore
659 4450 719 4505 loco
741 4450 819 4515 leid.
845 4450 903 4506 BH
920 4408 995 4507 rel
1024 4467 1059 4507 ne
1080 4450 1196 4525 sepelite
1219 4468 1288 4508 neue
1315 4452 1388 4509 urite

243 4542 286 4591 ert
301 4537 331 4591 in
346 4552 407 4592 rae.
493 4535 522 4591 2.
544 4551 622 4590 aseer
637 4534 717 4590 Leid.
733 4535 820 4591 ΑΒΗ
842 4535 882 4608 rs.
908 4536 1052 4593 Votienus
1067 4538 1095 4592 in
1112 4537 1217 4594 Annei.
1234 4541 1279 4593 ret
1290 4554 1387 4612 pyrre.

243 4622 345 4678 Auslr.
362 4624 440 4677 1860
451 4638 483 4693 p.
501 4624 555 4676 20.-
571 4621 642 4677 ascie
656 4625 707 4676 cit.
