3409 5409
699 554 839 603 suevus
861 558 884 604 1.
1310 541 1372 605 119

310 725 398 771 POST
420 724 597 771 nemmem
622 724 816 773 psaesens]
843 726 953 797 ulmi
979 725 1161 773 ADDlOlTO.
1199 712 1246 793 [st
1271 728 1370 775 AMBO

223 811 463 893 tuenstuens]
485 826 552 875 801.
573 825 725 875 OCCASVS
747 827 908 875 SVPREMA
930 828 1131 877 tempestus
1152 828 1251 879 Esto,

774 980 823 1043 10.

310 1113 437 1182 Gellius
452 1114 493 1180 N.
510 1115 553 1181 A.
569 1114 655 1180 XVI
672 1116 727 1197 10,
748 1117 780 1181 8.
802 1112 882 1182 ‘Sed
907 1116 1087 1183 enimcum
1110 1114 1314 1203 ‘proletarii'
1337 1130 1371 1183 et

272 1217 394 1283 lsidui’
409 1228 444 1283 et
459 1222 625 1282 ‘senates’
640 1226 674 1283 et
689 1214 853 1283 ‘uades'
869 1228 903 1283 et
923 1216 1164 1285 ‘subuedes’
1188 1228 1221 1284 et
1236 1218 1371 1305 ‘uiginti

232 1342 368 1407 ¹umque
381 1326 486 1385 asses'
501 1329 534 1385 et
549 1318 712 1384 ‘taliones'
727 1318 956 1407 furtorumque
967 1320 1114 1407 quaestio
1127 1326 1215 1385 ‘cum
1229 1318 1323 1386 lance
1337 1333 1371 1389 et

220 1421 311 1486 licio’
327 1420 519 1487 cuanuerint
534 1421 705 1507 omnisque
725 1419 782 1485 ills
797 1418 971 1489 duodecim
987 1420 1172 1487 tabularum
1192 1422 1370 1509 antiquitas

220 1523 287 1587 nisi
302 1524 336 1587 in
351 1521 432 1608 legis
448 1522 633 1588 actionibus
648 1521 934 1589 centumuirulium
953 1545 1125 1589 causarum
1142 1522 1214 1609 lege
1227 1524 1372 1593 Aebutio

218 1624 292 1691 lste
305 1624 476 1713 consopite
491 1623 552 1690 sit’
565 1648 595 1690 e.
610 1647 641 1711 q.
658 1646 685 1689 s.

220 1917 333 1969 rotinus
350 1916 385 1968 de
403 1914 448 1966 die
465 1915 555 1967 netuli
577 1931 639 1983 cap.
658 1919 691 1967 23
708 1917 858 1985 ‘Horarum
880 1932 980 1969 nomen
1002 1932 1057 1968 non
1079 1917 1171 1968 minus
1193 1932 1280 1969 onnes
1300 1916 1370 1969 CCC

221 2002 328 2053 Romus
350 2002 507 2067 ignoratum
531 2016 594 2052 esse
616 2002 749 2055 credibile
773 2007 830 2055 est:
854 2018 918 2054 nem
941 2002 996 2055 XII
1015 2001 1121 2053 tabulis
1140 2000 1201 2067 (lep.
1219 2002 1248 2053 in
1267 2002 1321 2053 x11
1339 2000 1371 2067 t.)

221 2102 359 2151 nusquam
378 2086 533 2137 nominatus
552 2084 633 2138 bores
651 2088 779 2138 inuenies
791 2089 863 2137 utin
876 2089 942 2140 eliis
953 2092 1052 2155 postes
1066 2086 1189 2153 legibus,
1209 2086 1257 2138 sed
1276 2092 1371 2139 ‘ante

220 2170 424 2235 meridiem’,
444 2186 478 2223 eo
495 2171 643 2231 uidelicet,
662 2170 734 2237 quod
755 2175 851 2237 peries
874 2172 930 2225 diei
952 2172 1082 2224 bifarium
1104 2176 1162 2223 tum
1184 2171 1268 2223 diuisi
1292 2174 1370 2224 meri·

220 2257 284 2307 dies
306 2254 493 2307 discernebat
562 2253 611 2323 (9.)
633 2257 722 2307 Varro
744 2256 779 2308 de
801 2258 834 2308 1..
854 2259 889 2309 L.
908 2258 961 2309 vlt
979 2260 1011 2309 51
1035 2256 1212 2323 ‘Supremum
1236 2273 1253 2307 e
1276 2273 1371 2324 super-

221 2356 299 2392 rumo
323 2333 435 2391 dictum.
474 2340 575 2406 lisque
602 2341 631 2391 in
653 2341 708 2392 XII
731 2340 826 2393 dicunt
849 2341 1007 2395 ε80110..
1028 2344 1049 2395 .’
1089 2341 1192 2391 Festus
1214 2356 1241 2407 p.
1259 2344 1310 2393 ³05
1333 2342 1370 2391 M.

220 2425 417 2492 ‘suppremum
435 2460 442 2475 .
462 2462 495 2479 ..
519 2425 593 2476 slies
616 2424 779 2491 extremum
800 2425 942 2493 significet
967 2424 1009 2490 ut)
1032 2426 1061 2475 in
1089 2424 1199 2491 legibue
1220 2424 1275 2477 XII
1298 2426 1371 2478 ‘So-

221 2512 268 2562 lis
286 2548 293 2562 .
313 2550 321 2565 .
338 2514 358 2563 .’
392 2510 551 2561 Macrobius
574 2510 633 2566 Set.
656 2512 712 2571 13,
725 2513 757 2563 14
774 2512 829 2561 ‘let
846 2526 908 2562 mox
926 2526 1054 2577 supreme
1072 2514 1239 2577 tempestus,
1257 2510 1310 2561 hoc
1328 2518 1372 2563 cst

221 2596 279 2646 diei
307 2594 486 2645 nouissimum
516 2600 638 2661 tempus,
670 2596 743 2646 sicut
771 2610 930 2661 expressum
959 2598 1003 2645 eet
1028 2594 1057 2645 in
1083 2592 1136 2643 XII
1168 2594 1270 2645 tabulis
1297 2595 1370 2647 ‘So-

220 2680 308 2732 lis..
323 2683 341 2735 .'
376 2679 546 2731 Censorinus
562 2679 581 2729 l.
600 2678 619 2733 l.
639 2694 663 2732 c.
681 2682 715 2731 24
733 2682 821 2732 ‘Hinc
838 2694 980 2747 supremus
1000 2680 1127 2745 quamuis
1146 2678 1257 2746 plurimi
1275 2672 1371 2746 supro?

222 2782 296 2817 mem
314 2769 379 2831 post
396 2780 526 2816 oecssmn
545 2764 613 2816 solis
631 2780 694 2816 esse
712 2766 887 2829 existiment,
911 2764 1037 2830 quisset
1059 2764 1087 2814 in
1106 2764 1161 2817 XII
1179 2764 1284 2817 tubulis
1302 2768 1369 2817 scri-

198 2893 202 2899 .
221 2856 301 2917 ptum
319 2850 373 2901 sic:
392 2849 504 2900 ‘Solis
524 2887 529 2898 .
549 2886 557 2899 .
577 2853 599 2900 .’
635 2851 672 2901 ci.
696 2851 862 2901 Venuli.
881 2850 919 2902 VI
937 2852 954 2901 e
975 2848 1125 2916 ‘Suprema
1143 2864 1280 2906 ,mmmum
1304 2850 1369 2915 diei,

221 2935 250 2986 id
271 2951 289 2985 s
307 2934 469 3001 superrimc.
504 2934 566 2984 Hoc
584 2940 694 3001 tempus
712 2934 766 2986 xli
789 2934 905 2987 tsbulee
929 2934 1026 2985 dicunt
1047 2948 1175 2985 oecssum
1200 2950 1262 2986 esse
1285 2936 1370 2987 solie'

222 3036 247 3069 e.
267 3037 294 3085 q.
313 3036 336 3070 s.
370 3019 479 3069 Plinius
496 3019 532 3072 H.
547 3018 581 3069 ll.
597 3020 652 3071 Vll
669 3022 716 3084 60,
734 3022 785 3071 212
803 3019 972 3070 ‘Duodecim
995 3018 1099 3069 tubulis
1117 3022 1193 3070 ortus
1213 3022 1321 3071 tentum
1343 3026 1372 3072 et

221 3118 342 3155 occasus
360 3104 549 3167 nominentur3
566 3110 631 3170 post
648 3105 758 3171 aliquot
777 3120 865 3155 enses
878 3104 1005 3156 adiectus
1018 3106 1060 3155 est
1073 3107 1102 3154 et
1114 3104 1253 3155 meridies’
1272 3121 1296 3155 e.
1309 3120 1334 3171 q.
1348 3121 1371 3159 s.

222 3189 328 3241 Paulus
346 3205 406 3241 exc.
427 3204 461 3240 ex
478 3190 562 3241 Festo
579 3206 606 3255 p.
622 3190 673 3241 362
690 3189 728 3240 Μ.
747 3190 970 3257 ‘Tempestatem
992 3204 1042 3255 pro
1064 3192 1187 3255 tempore
1211 3189 1372 3255 frequenter

223 3274 352 3325 dixerunt
369 3272 498 3341 antiqui!
534 3274 571 3325 id.
590 3291 616 3341 p.
631 3276 680 3327 110
697 3291 725 3330 u.
742 3276 946 3343 intempestam.

264 3447 267 3454 ,
293 3396 333 3446 10.
352 3394 389 3444 ci.
409 3394 496 3447 (isius
513 3393 582 3446 lust.
600 3394 640 3446 tv
658 3395 716 3445 184.

222 3622 288 3711 libri
314 3671 394 3729 quam
420 3660 552 3728 perorant
578 3652 744 3710 Cosmnnus.
780 3652 981 3709 Conieeerum:
1007 3668 1096 3709 coram
1124 3660 1280 3726 perorante.
1309 3668 1370 3709 cunr

225 3770 264 3780 -
288 3747 447 3815 praesentes
471 3738 618 3812 Sealipero
639 3743 813 3811 suspectum.
900 3738 928 3797 8.
951 3746 1015 3812 post
1035 3738 1222 3795 10.-001110
1243 3754 1371 3813 praesen·

225 3834 266 3881 tes
281 3842 334 3881 orn.
357 3826 386 3880 in
407 3840 462 3896 inp.
478 3826 544 3882 edd.
568 3822 645 3880 Voss.
666 3825 732 3881 mni.
784 3822 878 3880 Verba
898 3824 922 3879 sl
947 3822 1025 3881 ambo
1047 3831 1206 3898 praesentes
1224 3838 1370 3894 praeeun-

223 3910 300 3966 tibus
316 3910 464 3982 plerisque
485 3916 513 3966 et
534 3909 618 3966 Gellii
636 3914 665 3964 et
683 3907 750 3965 XII
766 3910 922 3966 editoribus
941 3908 1053 3966 inclusi.
1136 3909 1163 3966 9.
1192 3908 1234 3964 sol
1257 3924 1371 3966 occasus

225 3989 300 4068 (solo
326 3994 379 4051 ess’
408 3994 486 4050 Voss.
512 3994 596 4066 mai.)
620 3994 742 4051 Gellius:
768 3994 835 4051 solis
863 4008 977 4050 occasus
1010 3992 1105 4050 Varro
1132 3993 1276 4050 Censorin.
1304 3992 1370 4049 Mc-

222 4080 301 4137 erob.
317 4079 422 4137 Festus
442 4074 533 4154 (apud
552 4094 635 4151 quern
660 4078 793 4136 ‘occasus
815 4108 853 4119 -
875 4078 976 4152 supre’
997 4080 1076 4136 deest
1095 4081 1125 4135 in
1145 4078 1218 4153 eod.)
1240 4076 1371 4150 defendit

224 4162 377 4239 Berptrius
387 4168 589 4221 nominativum
606 4164 771 4237 inteltepens
784 4162 851 4221 lud.
868 4160 938 4219 Hei.
954 4170 1024 4221 cest.
1042 4166 1120 4221 1860
1129 4179 1160 4235 p.
1185 4160 1278 4219 Vnst.
1298 4164 1371 4219 etin

225 4246 366 4307 Fleckeis.
382 4250 456 4306 Anu.
480 4257 498 4306 t.
518 4252 558 4319 83
574 4267 605 4321 p.
622 4252 682 4305 503
754 4248 821 4306 solis
841 4264 941 4307 occssu
962 4247 1015 4307 diei
1035 4248 1098 4305 cod.
1118 4248 1200 4323 litor.
1229 4245 1370 4305 Varronis

232 4330 292 4391 VH
304 4338 342 4391 51
357 4334 421 4407 (diei
438 4333 509 4407 sort.
525 4349 565 4390 ex
586 4334 813 4405 interpolatione.
842 4330 880 4389 In
895 4332 976 4390 Festi
988 4335 1049 4389 loeo
1069 4335 1177 4390 iniuria
1195 4331 1368 4404 suppletur).

226 4414 338 4494 supputa
355 4418 427 4493 sep.
451 4418 530 4476 Voss.
546 4423 611 4476 mai.
628 4417 745 4477 SGerm.
774 4434 922 4493 suppreme
943 4416 1048 4474 Christ.
1065 4420 1123 4474 597
1144 4414 1232 4490 Mupl.
1268 4434 1370 4491 suppre

226 4518 267 4558 ms
283 4509 312 4561 te
326 4506 393 4577 (om.
408 4504 512 4579 pestes)
534 4503 612 4561 Voss.
625 4507 692 4562 min.
750 4504 831 4560 estol
844 4497 915 4579 llos]
932 4511 974 4565 est
990 4500 1035 4572 (riv
1049 4500 1096 4574 R.)
1112 4518 1181 4559 onos
1197 4500 1268 4575 Rep.
1292 4500 1370 4561 Voss.

226 4592 291 4647 noi.
