3409 5409
394 488 442 547 ou
467 499 519 547 xn
543 496 756 546 rusvusavu
779 496 957 559 nsnrqvns
980 499 1226 550 comraunms.
1339 485 1383 551 45

221 653 342 740 quoad
366 652 435 717 eius
458 653 529 717 fieri
549 661 661 739 posset
689 661 821 717 coactus
848 651 1045 740 prohibendi
1071 655 1239 719 notionem
1264 677 1285 718 a
1309 654 1382 741 lege

221 754 374 821 alienam
389 776 505 841 parum
529 754 692 820 constanti
717 754 914 841 cogitatione
933 756 1140 841 interposuit.
1169 755 1252 819 Eam
1273 768 1383 823 tamen

220 858 399 933 notionem
416 856 502 945 quod
517 858 570 923 vel
586 857 663 922 iude
679 856 864 923 necessario
881 857 1002 943 requiri
1018 858 1130 923 statuit
1144 857 1381 943 Vangerowius

221 984 265 1047 p.
282 959 338 1040 21,
360 959 438 1045 quia
457 957 634 1026 voluntatis
657 962 816 1045 suspecti,
839 960 932 1024 euius
953 959 1050 1023 unius
1071 961 1180 1043 gratia
1198 961 1262 1028 hoo
1283 982 1382 1047 quae

220 1060 327 1125 rendi
341 1082 444 1146 genus
460 1062 649 1131 institutum
665 1062 724 1140 sit,
746 1061 910 1135 rationem
923 1060 1038 1127 haberi
1057 1060 1234 1148 perfuerit
1251 1101 1287 1111 —
1304 1062 1382 1128 ridi-

221 1162 306 1229 oule
322 1164 408 1228 enim
423 1172 456 1229 et
471 1162 734 1249 absurdelegem
745 1186 786 1229 ne
798 1163 985 1251 postulante
997 1160 1131 1249 quidem
1140 1162 1196 1229 illo
1211 1164 1384 1231 molestam

220 1264 336 1331 lancis
357 1265 490 1352 lieiique
512 1267 741 1331 nenessitatem
761 1266 934 1353 quaerenti
954 1265 1181 1351 imposituram
1203 1266 1308 1333 fuisse
1322 1288 1381 1330 -ε

221 1365 411 1433 videndum
432 1376 498 1449 est,
520 1390 561 1432 ne
583 1365 732 1432 duillius
756 1370 874 1433 aetatis
893 1367 1061 1454 incompta
1081 1366 1292 1455 simplicitate
1313 1367 1382 1431 riti-

221 1464 361 1557 busque
385 1478 517 1536 vetusto
538 1492 601 1535 usu
622 1470 761 1535 sacratis
783 1476 825 1535 ex
844 1469 951 1535 nostri
971 1466 1093 1534 saeculi
1112 1469 1260 1536 moribus
1283 1478 1382 1557 atque

222 1570 460 1638 voluntatibus
476 1570 634 1636 iudicium
650 1572 822 1637 faciamus.
852 1570 1008 1653 Accedit,
1030 1568 1121 1657 quod
1141 1570 1183 1635 de
1202 1571 1306 1657 ipsius
1331 1573 1382 1635 in·
1440 1652 1444 1656 ⁵

224 1674 339 1739 stituti
354 1674 389 1739 vi
403 1696 442 1738 ao
456 1673 586 1739 ratione
600 1696 662 1738 neo
677 1674 759 1761 ipsis
771 1673 940 1739 veteribus
953 1672 1032 1737 satis
1045 1671 1217 1758 explorata
1227 1683 1261 1738 et
1271 1694 1381 1739 reeen-

221 1777 351 1843 tiorum
367 1775 557 1841 commentis
572 1776 780 1864 ineptusque,
793 1796 931 1863 quarum
946 1785 999 1839 sat
1013 1772 1158 1860 amplum
1169 1784 1380 1862 conspectum

224 1878 301 1964 egit
320 1877 557 1962 Vangerowius
579 1900 611 1963 p.
635 1876 657 1941 4
678 1900 765 1963 sqq„
786 1877 1069 1964 mirumquantum
1090 1885 1224 1941 versata
1246 1886 1280 1942 et
1298 1878 1381 1943 adeo

224 1981 417 2047 obscuratav
426 1978 592 2059 diversam
607 1982 649 2045 ab
665 1978 751 2045 illius
775 2000 913 2066 eamque
934 1980 1030 2043 unice
1053 2000 1165 2042 veram
1186 1978 1382 2044 sententiam

223 2103 337 2168 nuper
356 2079 532 2146 Eduardus
554 2080 778 2166 Boeckingius
798 2067 966 2168 professus
989 2092 1041 2147 est
1063 2078 1120 2165 (oi.
1136 2081 1206 2145 eius
1222 2082 1279 2146 Ius
1295 2081 1380 2167 priv.

226 2184 328 2249 Rom.
345 2183 450 2249 Bonn.
470 2182 552 2247 1862
567 2204 599 2269 p.
618 2183 679 2248 150
693 2205 725 2247 n.
739 2183 805 2269 15),
821 2204 919 2269 quam
935 2183 977 2247 ab
992 2205 1031 2247 eo
1046 2191 1217 2249 mutuatus
1231 2182 1380 2269 pluribus

225 2285 412 2351 illustravit
426 2284 499 2349 Nie.
513 2284 727 2374 Handjeryus
740 2284 838 2351 Obss.
856 2284 897 2349 de
911 2284 1008 2348 furtis
1023 2306 1084 2370 pro
1100 2284 1294 2351 diversitate
1308 2308 1382 2371 pro·
1485 2360 1488 2365 ¹

225 2386 404 2454 batianum
425 2386 516 2450 varie
537 2386 670 2473 punitis.
692 2386 785 2473 Lips.
810 2386 890 2450 1867
912 2408 945 2471 p.
959 2385 1001 2449 21
1018 2397 1102 2473 sqqss,
1123 2388 1223 2472 inque
1243 2388 1382 2453 eandem

228 2510 293 2554 sua
313 2496 429 2575 sponte
455 2487 572 2553 incidit
599 2488 697 2553 etiam
718 2488 798 2555 Otto
819 2487 955 2552 Iahnius
981 2488 1017 2551 in
1042 2490 1315 2559 commentatione
1341 2488 1382 2553 de

227 2590 441 2677 Sophonibae
467 2600 571 2655 morte
596 2592 631 2654 in
655 2589 786 2677 pictura
810 2588 946 2675 parietis
962 2587 1147 2664 tillustrata.
1177 2590 1268 2675 Lips.
1297 2590 1380 2655 1859

228 2716 263 2779 p.
284 2690 622 2758 timotheanum
643 2714 715 2757 eam
735 2690 839 2757 fuisse
860 2691 1094 2757 caerimoniam
1114 2692 1295 2779 antiquitus
1316 2702 1382 2757 tra·

230 2795 354 2877 ditem,
370 2814 435 2880 qua
449 2795 479 2858 oi
494 2796 550 2881 qui
565 2803 752 2881 quaereret,
769 2797 863 2880 quasi
878 2794 1026 2860 Deorum
1040 2794 1075 2857 sn
1095 2795 1231 2860 tutelam
1249 2804 1381 2882 reeepto

230 2896 277 2961 ad
292 2896 464 2961 veritatem
479 2897 701 2983 indagandam
716 2896 839 2961 intrare
854 2895 890 2959 in
905 2894 1044 2961 alienam
1060 2894 1193 2961 domum
1205 2896 1327 2961 liceret.
1341 2935 1379 2945 —

140 3060 141 3063 ,
230 3000 332 3065 Hune
347 3009 455 3065 autem
470 3000 569 3065 ritum
585 2998 627 3064 ed
642 2998 768 3065 furtum
783 2998 1032 3086 concipiendum
1052 2999 1088 3062 in
1101 2999 1292 3065 universum
1309 2999 1381 3085 lege

231 3101 337 3167 fuisse
357 3102 596 3189 praescriptum
616 3123 676 3166 nee
695 3104 782 3166 intra
802 3100 960 3187 prohibiti
978 3100 1061 3167 furti
1082 3101 1163 3166 fines
1192 3112 1381 3167 contentum

232 3202 426 3270 confirmant
441 3206 496 3291 qui
511 3214 643 3290 praeter
658 3204 778 3269 Gaium
794 3204 864 3268 eius
880 3204 1078 3269 mentionem
1092 3203 1226 3283 faciunt.
1243 3203 1286 3269 of.
1296 3203 1380 3269 Pau-

232 3304 285 3370 lus
300 3306 384 3372 Exc.
401 3328 444 3370 ex
458 3306 556 3371 Festo
577 3328 609 3391 p.
630 3306 688 3370 117
703 3305 739 3369 Μ
762 3312 867 3369 ‘lance
885 3312 1000 3370 silicio
1020 3310 1175 3369 dicebatur
1194 3311 1280 3386 apud
1297 3314 1381 3371 aaa·

234 3427 320 3485 quor,
337 3414 408 3486 quia
428 3401 481 3485 qai
496 3412 614 3483 sartum
636 3412 699 3471 ibat
718 3427 864 3485 quaeras
884 3413 915 3469 in
938 3412 1023 3470 domo
1042 3414 1158 3483 alana,
1179 3414 1248 3471 licio
1267 3415 1382 3473 martas
1482 3461 1492 3482 s

234 3512 381 3572 intrnhot'
404 3530 431 3573 e.
448 3530 480 3595 q.
495 3532 522 3572 s.
565 3507 676 3574 Gloss.
699 3507 834 3574 Tauria.
855 3530 887 3572 n.
909 3507 973 3572 466
993 3508 1036 3573 ad
1057 3510 1140 3573 Inst.
1162 3510 1199 3590 4,
1225 3510 1241 3572 l
1264 3514 1285 3590 ξ
1304 3511 1327 3572 4
1347 3534 1379 3575 ν.

235 3610 459 3696 quaesitam
480 3610 529 3696 (in
545 3608 705 3695 Saviguyi
720 3608 807 3675 Hist.
831 3608 893 3674 iur.
909 3630 990 3675 rom.
1011 3610 1098 3675 med.
1114 3633 1195 3675 aevo
1213 3611 1248 3675 ΙΙ
1269 3633 1300 3697 p.
1316 3611 1381 3676 475

235 3712 288 3777 ed.
304 3712 419 3805 2111111
433 3720 511 3777 enim
523 3717 628 3795 fiebat,
644 3722 678 3776 at
691 3719 716 3777 is
730 3718 783 3792 qai
795 3719 826 3777 in
841 3720 972 3778 alienam
987 3717 1104 3777 domum
1118 3718 1258 3777 introibat
1271 3718 1315 3777 ad
1327 3735 1380 3778 re-

236 3820 414 3893 quirendam
429 3838 492 3881 rem
503 3820 660 3893 furtivam,
677 3820 776 3879 nudus
790 3821 1016 3894 inpredieoarur
1026 3821 1141 3881 drumm
1150 3823 1242 3893 fictiia
1253 3814 1289 3901 (l.
1296 3824 1382 3893 fiati-

235 3919 306 4005 lem)
322 3924 467 3998 incapite
485 3928 614 3999 portans
628 3924 761 3997 atrisque
774 3924 912 3984 manitus
926 3925 1083 3985 detentus?
1094 3920 1120 4005 ¹)
1156 3918 1323 4006 Denique,
1338 3940 1379 3983 ne

304 4209 325 4276 ¹)
345 4210 403 4263 Nee
423 4210 504 4263 aliter
526 4226 617 4263 resse
636 4213 722 4264 habet
744 4212 773 4262 in
791 4212 886 4264 Attico
907 4213 981 4276 iure,
1004 4214 1052 4263 ubi
1075 4214 1190 4265 eundem
1213 4226 1291 4264 usum
1309 4212 1379 4263 obti-

238 4298 329 4346 nuisse
349 4314 382 4347 ex
400 4297 595 4363 Aristophanis
607 4298 732 4349 Nubibus
750 4297 882 4349 discimus
899 4314 926 4349 v.
938 4300 989 4349 497
1001 4313 1060 4363 sqq.
1079 4315 1141 4349 enm
1159 4299 1244 4352 sohel.
1263 4297 1309 4360 (de
1327 4313 1380 4363 qno

241 4382 274 4434 ei.
294 4381 518 4433 Waehsmnthius
538 4382 631 4447 Antiq.
650 4398 691 4448 gr.
708 4382 806 4436 scient.
825 4382 854 4431 11
871 4399 898 4448 p.
916 4384 967 4433 22⁷
985 4398 1010 4435 n.
1030 4385 1074 4449 15)
1099 4388 1128 4432 et
1146 4400 1180 4434 ex
1197 4384 1324 4434 Platonis
1341 4383 1380 4434 le·

239 4466 318 4527 gibus
336 4468 388 4517 ΧΠ
407 4484 434 4533 p.
453 4468 503 4517 964
522 4468 544 4516 Λ
568 4468 670 4531 φωρᾶν
692 4466 721 4517 δ’
738 4466 773 4518 ἂν
795 4464 878 4532 ἐθέλῃ
898 4464 941 4517 τί(
958 4481 986 4518 τι
1003 4468 1076 4532 παρ’
1093 4467 1220 4534 ὁτῳοῦν,
1237 4468 1379 4532 γυμνὸεῆ

240 4550 403 4613 χιτωνίεκον
415 4552 500 4617 ἔχων,
518 4552 651 4615 iimmot,
670 4552 868 4616 προομὸεα(
886 4552 967 4604 τοὺ(
986 4552 1153 4617 νομίμου(
1171 4554 1272 4605 θεοὺς
1291 4553 1380 4620 ἦμὴν
