3409 5409
735 466 875 517 usssvns
900 464 974 515 VIII.

374 745 405 793 si
427 744 546 791 rnnvn
568 743 667 791 MANV
687 740 793 789 nvem
815 740 924 789 neeis
947 740 1045 801 stn
1067 738 1160 786 ructu

374 828 487 893 Cicero
510 828 593 914 Top.
619 828 673 909 17,
696 827 749 892 64.
786 825 892 889 ‘Nam
913 825 1020 891 iacere
1048 823 1147 889 telum
1170 822 1350 901 uoluntatis
1373 832 1438 905 est,

289 932 388 994 ferire
411 951 508 1016 quem
530 927 674 993 nolueris
701 928 864 993 fortunae.
909 926 964 991 Ex
991 950 1054 1014 quo
1082 928 1189 991 aries
1212 925 1439 991 subiicitur

289 1032 344 1096 ille
371 1032 406 1094 in
434 1031 555 1095 uestris
583 1030 786 1112 actionibus,
814 1029 847 1094 si
880 1028 1003 1096 telum
1034 1051 1150 1095 manu
1175 1028 1283 1113 fugit
1308 1028 1436 1112 magis

289 1154 407 1219 quem
429 1132 552 1197 iecit?
1220 1148 1226 1155 ·

834 1216 876 1282 25

376 1320 405 1383 1.
433 1318 606 1384 Saluianus
628 1318 754 1385 Massil.
778 1319 819 1384 de
840 1264 978 1403 gubern.
1001 1317 1055 1383 dei
1079 1316 1166 1383 VIII
1186 1317 1208 1383 5
1230 1315 1277 1404 (p.
1295 1316 1356 1381 182
1383 1316 1433 1381 ed.

290 1420 433 1505 Bolum).
467 1420 631 1487 ‘Interfici
656 1420 744 1485 enim
767 1419 994 1486 indemnatum
1019 1442 1244 1506 quemcunque
1272 1418 1436 1511 hominem

291 1523 390 1588 etiam
412 1522 586 1588 duodecim
607 1522 795 1589 tabularum
817 1522 951 1587 decreta
972 1527 1169 1587 uetuerunt!

359 1715 402 1768 24.
421 1713 519 1764 Cicero
531 1728 559 1777 p.
571 1712 643 1763 Tull.
658 1714 701 1775 21,
720 1715 752 1763 61
771 1713 856 1776 ‘Quis
876 1717 919 1763 est
937 1712 981 1764 eui
999 1714 1088 1779 magis
1107 1713 1216 1780 ignosci
1235 1712 1386 1763 conueniet
1405 1737 1437 1746 -

293 1798 421 1863 quonism
443 1814 488 1847 me
512 1796 547 1847 ad
564 1798 617 1847 XII
635 1796 746 1847 tabulas
765 1813 881 1849 reuocas
899 1824 933 1835 -
951 1812 1033 1863 quam
1051 1798 1075 1849 si
1093 1798 1155 1862 quis
1179 1812 1258 1863 quem
1276 1794 1436 1861 imprudens

293 1881 446 1933 occiderit?
471 1882 556 1932 Nemo
568 1882 665 1947 opinor
678 1923 684 1934 ,
699 1920 706 1933 .
721 1922 727 1934 .
742 1891 834 1934 tamen
846 1884 962 1935 huiusce
975 1885 1016 1934 rei
1029 1884 1139 1934 ueniam
1158 1882 1275 1934 maiores
1288 1898 1343 1931 non
1355 1881 1436 1933 dede-

293 1971 365 2017 runt.
383 1967 454 2017 Nam
469 1965 515 2016 lex
529 1971 572 2017 est
585 1966 615 2019 iu
623 1964 678 2017 XII
690 1967 794 2018 tabulIs
804 1968 849 2018 ‘si
861 2003 868 2019 .
882 2005 888 2019 .
905 1972 923 2019 .’
943 1968 983 2019 Id.
998 1967 1031 2019 dc
1044 1984 1082 2019 or.
1096 1968 1192 2033 11139,
1206 1968 1254 2019 158
1268 1968 1340 2019 ‘Non
1358 1982 1436 2018 num·

293 2068 377 2117 quam
395 2052 479 2102 etiam
497 2051 622 2103 breuitas
640 2051 823 2103 translatione
841 2052 998 2117 conficitur,
1017 2052 1133 2103 utillud
1156 2054 1201 2105 ‘si
1217 2052 1323 2104 telum
1342 2066 1437 2103 manu

291 2137 405 2203 fugit’
429 2135 618 2203 Imprudentia
635 2136 686 2188 teli
704 2138 800 2188 emissi
816 2138 930 2189 breuius
948 2138 1065 2205 propriis
1083 2138 1178 2189 uerbis
1197 2140 1297 2203 exponi
1315 2154 1370 2190 non
1388 2154 1436 2203 po-

293 2222 348 2273 tuit
366 2236 447 2287 quam
467 2225 582 2272 estune
600 2222 759 2287 significata
777 2222 938 2275 translato)
962 2224 1095 2275 Boethius
1113 2224 1141 2283 in
1155 2224 1214 2276 Cic.
1227 2224 1296 2290 'Pop
1309 2223 1327 2275 1.
1346 2223 1436 2274 ‘Vnde

294 2309 378 2359 etism
400 2306 654 2358 machinamentum
676 2307 812 2371 quoddam
839 2313 921 2374 atque
949 2307 1075 2359 defensio
1098 2310 1127 2358 in
1150 2309 1370 2374 iurisperitorum
1391 2324 1436 2359 rs·

292 2392 489 2459 sponsionibus
507 2392 646 2443 inuenitur
663 2392 716 2443 hoc
734 2393 814 2444 modo
832 2394 878 2443 ‘si
897 2430 902 2441 .
918 2429 924 2441 .
940 2431 945 2443 .
961 2390 977 2446 .’
1014 2392 1184 2458 Augustinus
1202 2393 1235 2445 de
1254 2394 1302 2445 lib.
1322 2394 1436 2445 arbitrio

297 2562 357 2613 sine
376 2566 507 2628 peccatos
525 2553 589 2612 nain
607 2566 636 2615 et
652 2562 733 2613 mlles
750 2563 859 2613 hostem
878 2566 905 2613 et
922 2560 1004 2613 iudex
1022 2562 1068 2613 uel
1080 2558 1206 2614 minister
1219 2564 1279 2614 eius
1291 2569 1438 2615 nocentem

294 2651 323 2699 et
344 2647 391 2698 cui
413 2648 485 2697 forte
507 2648 595 2698 inuito
619 2653 703 2712 atque
726 2646 893 2713 imprudenti
916 2646 1019 2697 telum
1043 2662 1139 2698 manu
1162 2648 1268 2714 fugit,
1293 2664 1348 2699 non
1371 2649 1439 2699 mihi
1468 2656 1471 2663 ’

293 2731 426 2782 uidentur
442 2746 578 2796 peceare,
596 2748 658 2783 eum
677 2733 813 2783 hominem
832 2730 976 2783 occidunt:
1003 2747 1066 2782 nam
1084 2732 1127 2782 illi
1145 2732 1191 2783 uel
1216 2749 1249 2783 ex
1268 2732 1377 2797 legibus
1396 2733 1438 2783 fa·

295 2817 372 2867 ciunt
391 2815 436 2866 uel
454 2832 509 2867 non
528 2822 625 2868 contra
643 2818 742 2883 leges.'
778 2817 812 2867 de
831 2815 940 2867 ‘telum’
959 2816 996 2869 ef.
1010 2816 1096 2867 Gaius
1109 2818 1143 2869 D.
1158 2819 1252 2881 50,1s‚
1265 2819 1371 2879 23352
1390 2819 1438 2869 cit.

294 2903 330 2953 ad
344 2904 384 2952 12.
404 2902 495 2952 Gloss.
508 2902 597 2955 Paris.
611 2918 637 2968 p.
650 2904 699 2951 164
710 2901 839 2952 Hildsbr.
854 2901 953 2951 ‘iecit
965 2901 1061 2953 misit'
1080 2902 1180 2953 Festus
1192 2918 1217 2967 p.
1228 2904 1277 2954 347
1286 2904 1324 2955 Μ.
1337 2903 1439 2955 ‘subici

294 2985 381 3051 ar(ies
399 2985 501 3036 dicitnr
519 2987 566 3050 qui
583 3002 632 3052 pro
651 2987 742 3037 occiso
760 2986 862 3051 datur),
882 2986 954 3050 quod
972 2985 1015 3051 tit,
1034 2990 1065 3037 ut
1084 2987 1124 3037 nit
1137 2986 1250 3037 Cincius
1269 2987 1308 3051 (in
1321 2986 1391 3040 libro
1404 2988 1438 3039 de

294 3070 388 3123 officio
407 3068 625 3135 iuris)eonaulti‚‘
636 3071 761 3137 exemplo
779 3071 976 3134 At(hamantIe‚
997 3088 1031 3123 ex
1050 3088 1102 3137 quo
1125 3068 1346 3137 [Atheniensium
1364 3072 1437 3138 apud

294 3172 362 3222 ques
372 3150 457 3221 edd.])
469 3155 599 3219 expiandi
613 3156 706 3221 gratia
719 3157 792 3206 aries
803 3154 956 3219 m(sctatur
966 3157 1000 3206 ab
1015 3172 1047 3208 eo
1061 3158 1108 3223 qni
1119 3156 1223 3207 inuitus
1237 3156 1341 3224 see)lus
1353 3156 1437 3209 adrni-

293 3242 332 3292 sit
343 3255 448 3306 poenae
459 3236 633 3305 p(endendae
642 3239 739 3305 loeo).'
756 3244 840 3307 suppl.
854 3239 1015 3292 Merentem
1027 3243 1093 3292 Phil.
1103 3258 1132 3307 p.
1143 3242 1203 3292 XII
1217 3245 1278 3293 201.
1301 3242 1341 3293 Id.
1351 3259 1378 3308 p.
1388 3246 1436 3294 351

294 3327 435 3393 ‘subigere
448 3326 564 3377 arietem
582 3326 611 3375 in
624 3324 720 3376 eodem
737 3326 809 3379 libro
821 3326 959 3377 Antistius
972 3342 1032 3377 esse
1052 3327 1092 3377 ait
1103 3325 1169 3377 dare
1182 3328 1310 3387 arietem,
1329 3328 1377 3392 qui
1389 3342 1438 3392 pru

294 3428 325 3461 se
344 3414 461 3476 agatur,
486 3410 640 3461 easdatur.’
676 3411 788 3463 Seruius
811 3410 846 3462 ad
864 3412 941 3475 Virg.
959 3410 1020 3464 Ecl.
1045 3411 1083 3461 1v
1101 3413 1134 3463 43
1149 3411 1248 3479 l‘Ssne
1266 3412 1295 3461 i'n
1314 3412 1438 3463 Numae

294 3496 404 3563 legibus
423 3502 534 3548 cautum
553 3501 603 3559 est,
623 3500 655 3545 ut
671 3498 695 3546 si
715 3496 775 3561 quis
787 3496 945 3561 imprudens
959 3496 1108 3547 occidisset
1120 3496 1265 3561 hominem,
1284 3513 1333 3563 pro
1347 3499 1438 3565 capite

295 3582 382 3632 occisi
400 3583 510 3646 agnatis
529 3581 569 3644 (et
586 3582 661 3631 natis
679 3582 751 3641 libri,
770 3597 839 3633 corr.
860 3581 1006 3632 Hscschlsiss
1023 3582 1049 3631 in
1067 3580 1162 3632 Annei.
1181 3584 1229 3633 litt.
1246 3600 1274 3647 p.
1295 3582 1358 3647 375>
1378 3583 1437 3633 eius

295 3668 323 3716 in
346 3666 474 3716 cautione
498 3664 638 3730 (contione
660 3664 778 3730 Scaliper
800 3667 836 3716 ud
858 3666 929 3716 Festi
946 3664 974 3727 l.)
1000 3665 1111 3717 offerret
1135 3667 1260 3718 arietem.
1295 3668 1370 3733 Ergo
1393 3667 1439 3717 hic

294 3750 366 3801 bene
384 3748 494 3799 uidetur
512 3750 593 3799 arieti
611 3749 775 3813 dignitatem
794 3750 861 3800 dere
879 3750 996 3801 dicendo
1015 3752 1107 3816 ‘ipse’‚
1127 3750 1174 3815 qui
1192 3750 1303 3802 oblatus
1326 3752 1439 3802 homici-

294 3834 357 3886 dam
376 3834 489 3884 erimine
508 3834 649 3885 homicidii
667 3834 757 3900 possit
773 3834 939 3886 absoluere)
975 3836 1016 3886 Id.
1040 3834 1075 3885 ed
1094 3834 1143 3885 Ge.
1162 3836 1204 3887 111
1223 3838 1273 3887 387
1291 3838 1380 3887 ‘aries
1403 3836 1440 3886 sit

297 3918 432 3971 candidus
449 3916 521 3986 ipse]
542 3920 613 3971 hene
632 3920 715 3985 ‘ipse'
736 3920 855 3982 addidit,
875 3920 955 3985 quasi
972 3920 1218 3985 quiautdominus
1231 3922 1324 3987 gregis
1338 3924 1440 3971 estant

296 4006 342 4070 qui
360 4008 445 4056 antea
462 4020 510 4071 pro
528 4003 636 4056 domino
656 4005 761 4070 capital
780 4004 842 4055 dari
859 4010 1050 4056 consueuerat.
1075 4006 1144 4056 Nam
1163 4005 1236 4072 apud
1254 4007 1373 4057 maiores
1391 4005 1439 4057 ho-

295 4090 403 4141 micidii
420 4106 537 4157 poenam
554 4092 652 4142 noxius
671 4091 767 4141 arietis
785 4090 885 4141 damno
904 4089 1014 4143 luebat:
1033 4092 1104 4155 quod
1122 4092 1151 4141 in
1169 4106 1282 4157 regum
1301 4090 1439 4157 legibus

295 4176 416 4243 legitur)

362 4263 405 4312 ii.
424 4260 533 4312 Plinius
551 4260 584 4311 N.
602 4262 638 4311 Η.
656 4260 751 4313 XVIII
768 4264 796 4321 3,
817 4263 847 4311 12
868 4260 913 4325 (ir.
932 4259 959 4325 s)
983 4266 1008 4315 ἢ
1029 4300 1036 4314 .
1054 4262 1149 4312 necari
1167 4260 1302 4312 iubebant
1325 4263 1439 4327 grauius

297 4362 378 4411 quam
401 4348 431 4397 in
455 4346 604 4398 homicidio
627 4347 806 4397 conuictum)
824 4374 858 4383 -
877 4346 1013 4411 Pomponii
1034 4346 1111 4397 verba
1133 4348 1208 4396 vertit
1226 4344 1304 4411 (Gaio
1326 4346 1439 4397 assuens

381 4504 429 4561 24.
452 4505 523 4579 [ugit
538 4521 581 4561 ma
596 4546 604 4559 .
621 4546 628 4560 .
645 4546 653 4561 .
671 4546 678 4561 .
693 4504 756 4561 cod.
769 4520 800 4576 p.
820 4504 890 4560 Tull.
921 4504 972 4561 En
989 4504 1058 4577 Tap.
1073 4504 1169 4579 suppl.
1185 4504 1368 4577 Poemenius:
1461 4514 1465 4522 '
