3409 5409
765 544 905 594 rlnvus
930 548 964 595 X.
987 546 1036 595 xl.

418 800 532 867 Cicero
554 802 595 867 de
616 800 801 886 leg.1124,
823 802 876 866 61.
899 800 1013 866 ‘Duse
1035 810 1112 866 sunt
1133 812 1305 888 praetcrea
1326 800 1414 886 leges
1438 798 1481 865 de

334 901 533 989 sepulchris,
556 925 693 989 quarum
715 902 820 967 alters
841 904 1046 990 priuatorum
1068 901 1245 987 aedificiis,
1268 903 1374 971 alters
1395 901 1480 987 ipsis

334 1003 515 1091 sepulchris
539 1016 646 1071 cauct.
689 1003 774 1069 Num
795 1005 884 1092 quod
905 1027 1022 1091 rogum
1043 1006 1218 1072 bustumue
1240 1025 1358 1069 nouum
1388 1011 1482 1067 uetat

332 1104 466 1192 propius
489 1106 663 1190 sexaginta
683 1106 783 1195 pedes
805 1106 894 1173 edici
921 1106 1020 1173 sedes
1049 1107 1173 1173 alienus
1202 1106 1306 1172 inuito
1335 1104 1479 1185 domino,

331 1206 519 1272 incendium
533 1206 665 1273 uidetur
679 1230 792 1275 arcere
808 1210 867 1294 (ita
878 1213 1054 1274 Lambinus:
1069 1220 1200 1275 ueretur
1216 1208 1371 1275 acerbum
1385 1214 1481 1298 uelut

330 1313 402 1373 libri
421 1320 459 1374 ut
479 1320 632 1375 arceatur
652 1319 744 1376 uetat
764 1311 928 1397 Halmius).
973 1309 1071 1392 Quod
1092 1320 1202 1377 autem
1224 1310 1349 1392 iorum,
1372 1309 1407 1375 id
1430 1320 1482 1375 cst

331 1409 534 1477 uestibulum
551 1410 738 1499 sepulchri,
766 1413 944 1480 bustumue
969 1434 1031 1479 usu
1057 1413 1131 1500 copi
1155 1421 1264 1495 uetat,
1291 1420 1402 1477 tuetur
1428 1412 1479 1477 ius

332 1511 601 1599 sepulchrorum?
1039 1508 1042 1514 ⁴

763 1633 951 1699 TABVLA
980 1632 1043 1698 XI.

292 1766 297 1772 '
332 1755 568 1817 A·K·IAN·F
629 1758 657 1816 Ε
679 1756 819 1817 NON-F
918 1756 948 1816 Α
972 1756 1144 1820 AGONN
1207 1758 1235 1817 Ε
1261 1758 1395 1817 EID-N‘

333 1859 359 1917 B
388 1858 415 1915 F
629 1860 707 1918 PF
918 1860 1030 1919 BEN
1207 1860 1234 1918 F
1261 1860 1320 1939 EN

334 1959 360 2019 0
388 1958 414 2020 (l
631 1960 709 2023 GC
920 1960 946 2021 0
974 1960 1115 2023 CAR-N
1208 1961 1238 2022 G
1261 1960 1405 2022 CAR-rr

333 2061 363 2121 D
388 2060 413 2121 0
630 2062 663 2125 H
684 2061 710 2123 Ο
919 2064 949 2123 D
974 2062 998 2124 (l
1207 2063 1240 2123 H
1263 2060 1288 2123 (i

333 2229 415 2279 quam
433 2213 551 2263 humone
571 2214 675 2279 excipit
693 2212 828 2280 (excipiet
845 2214 917 2276 libri,
937 2214 1074 2281 excipitur
1086 2213 1213 2279 Halmius)
1226 2213 1318 2266 sltsrs
1331 2210 1386 2281 [lex
1399 2230 1481 2282 prse-

335 2300 406 2365 cipit
425 2297 516 2349 sltsrs
533 2298 596 2364 lege
614 2292 656 2363 ut]
676 2299 747 2349 ‘cui
768 2335 775 2348 .
795 2338 802 2351 .
823 2301 841 2349 .’

402 2386 443 2435 10.
463 2383 500 2433 ci.
519 2382 686 2449 Pomponius
703 2383 722 2437 l.
739 2385 780 2435 IX
799 2382 834 2433 sd
852 2381 918 2433 Sub.
938 2384 972 2434 D.
993 2385 1034 2448 11,
1051 2385 1077 2448 8,
1096 2386 1112 2436 3
1130 2385 1145 2447 ξ
1165 2386 1177 2434 1
1206 2389 1216 2415 ‘
1223 2383 1253 2435 Si
1270 2384 1383 2451 propius
1404 2384 1480 2435 sedi·

334 2467 425 2519 ficium
444 2468 566 2518 slienum
583 2468 659 2520 intre
676 2468 831 2534 legitimum
849 2468 959 2518 modum
976 2472 1100 2520 mortuus
1119 2468 1216 2520 illstus
1234 2470 1283 2528 sit,
1301 2476 1401 2535 postes
1419 2485 1481 2520 sum

335 2552 483 2618 prohibere
496 2568 552 2604 non
569 2555 672 2619 poterit
687 2552 808 2603 aedificii
825 2551 960 2616 dominus,
980 2555 1123 2619 quominus
1141 2553 1226 2603 slium
1245 2558 1380 2605 mortuum
1393 2570 1426 2605 eo
1439 2554 1480 2605 in·
1543 2560 1551 2567 ”

337 2638 411 2689 ierat
428 2637 475 2689 uel
489 2643 694 2689 monumentum
707 2629 846 2701 aedificet,
866 2638 891 2689 si
904 2638 939 2689 sb
958 2639 1038 2689 initio
1053 2638 1162 2689 domino
1174 2638 1282 2689 sciente
1295 2638 1348 2689 hoc
1360 2638 1480 2693 iecerit)

404 2727 444 2773 11.
462 2722 567 2773 Psnlus
579 2724 646 2775 ltro.
658 2738 693 2774 ex
708 2723 795 2773 Festo
807 2739 833 2789 p.
845 2725 879 2775 84
891 2722 927 2776 M.
946 2724 1057 2774 ‘Forum
1071 2760 1078 2775 .
1093 2765 1099 2778 .
1112 2760 1119 2775 .
1134 2728 1245 2788 quarto,
1265 2738 1325 2775 cum
1344 2723 1372 2773 id
1391 2724 1480 2775 iorum

335 2808 445 2873 antiqui
462 2808 646 2874 appellebant
664 2808 736 2873 quod
760 2823 834 2857 nunc
854 2806 1020 2859 uestibulum
1039 2808 1160 2874 sepulcri
1178 2804 1297 2876 dic[sr]i
1315 2807 1408 2861 solet’
1443 2808 1479 2859 ci.

334 2893 372 2944 id.
391 2910 418 2960 p.
437 2896 470 2945 32
488 2893 606 2943 bustum.
633 2893 736 2943 Festus
753 2908 780 2957 p.
797 2895 848 2945 339
871 2892 1055 2958 sepulchrum.
1088 2892 1201 2945 Seruius
1220 2892 1478 2946 ostentmst.

335 2981 394 3032 201.
413 2978 515 3029 11122.
914 2988 917 2995 ·

385 3062 436 3112 “Τ.
446 3061 495 3113 xl.
515 3060 614 3112 Cicero
631 3059 783 3116 sontum
797 3064 848 3125 1‚8
862 3066 889 3113 ‘e
905 3062 1003 3127 quibus
1019 3060 1069 3127 (sc.
1084 3062 1118 3115 de
1136 3062 1279 3129 republica
1292 3062 1382 3128 libris)
1397 3078 1480 3113 unum

338 3144 479 3211 λτταρικὸν
496 3144 614 3213 requiris
632 3146 666 3195 de
686 3144 737 3197 On,
748 3145 848 3198 Flauio
861 3144 933 3196 Anni
952 3148 971 3201 i.
996 3146 1048 3198 Ille
1067 3164 1133 3199 uero
1152 3152 1218 3200 onte
1236 3148 1408 3201 decemuiros
1425 3164 1480 3200 non

336 3232 404 3282 fuit:
423 3233 525 3298 quippe
544 3232 591 3297 qni
610 3230 708 3281 sedilis
727 3231 829 3282 curulis
848 3230 947 3293 fuerit,
967 3231 1013 3297 qui
1025 3233 1205 3299 magistratus
1217 3232 1310 3283 multis
1324 3233 1405 3283 aunis
1418 3240 1481 3299 post

336 3316 509 3369 decemuiros
532 3316 676 3368 institutos
700 3322 752 3368 est.
792 3314 865 3379 Quid
888 3330 961 3395 crgo!
976 3316 1097 3382 proiecit
1119 3316 1188 3382 quod
1210 3317 1326 3384 protulit
1349 3318 1481 3369 iustos?

227 3469 229 3472 Ι
338 3401 517 3453 Occultstsm
533 3406 634 3469 putant
652 3400 769 3469 quodum
787 3406 910 3467 tempore
928 3402 1012 3452 istum
1030 3401 1166 3466 tabulam,
1186 3408 1217 3454 ut
1234 3402 1293 3453 dies
1312 3402 1414 3469 egendi
1432 3418 1481 3469 po-

243 3483 245 3486 ’
336 3492 461 3539 terentur
483 3503 500 3537 s
521 3488 635 3555 psucis’
659 3485 802 3554 (patriciis
825 3486 995 3538 Mommsenio
1016 3488 1048 3538 ds
1071 3488 1185 3540 ολτοαοὶ.
1210 3504 1239 3553 p.
1259 3486 1319 3553 31).

405 3572 521 3624 Ouidius
537 3574 616 3624 Post.
635 3572 664 3623 11
680 3576 714 3625 47
732 3588 791 3639 sqq.
1314 3566 1321 3580 ¹

490 3656 545 3708 Sed
563 3662 657 3709 tamen
675 3658 780 3725 sntiqui
798 3673 834 3707 ns
851 3658 962 3708 nescius
980 3657 1085 3709 ordinis
1104 3672 1192 3720 erres,

539 3740 647 3791 Primus
664 3746 696 3791 ut
714 3746 758 3792 est
774 3742 837 3792 Isni
855 3742 957 3791 mensis
976 3746 1005 3793 st
1023 3745 1089 3792 unte
1108 3742 1174 3806 iuit3

490 3826 544 3889 Qui
561 3827 687 3891 sequitur
701 3826 813 3886 lanum,
832 3829 939 3878 ueteris
958 3827 1141 3878 renutrimus
1160 3828 1239 3878 unni:

539 3910 581 3960 Tu
599 3925 705 3977 quoque
723 3926 875 3977 sacrorum,
894 3912 1037 3977 Termine,
1056 3911 1119 3963 finis
1138 3928 1211 3964 erss.

488 3995 596 4046 Primus
615 3997 687 4046 enim
705 3997 768 4047 Isni
784 3998 902 4059 mensis,
922 3999 988 4062 quis
1006 3998 1090 4047 isnus
1108 3998 1197 4063 prims
1216 4002 1272 4059 est;

540 4080 595 4142 Qut
612 4096 693 4133 snoer
711 4088 754 4131 est
771 4082 834 4132 imis
852 4082 992 4146 manibus,
1011 4083 1082 4133 imus
1100 4087 1170 4136 erut.

488 4164 668 4218 Postmodo
687 4166 876 4218 creduntur
895 4168 1010 4232 spatio
1028 4167 1201 4219 distantis
1219 4166 1320 4233 longo

540 4252 705 4317 Tempors
721 4252 774 4302 bis
793 4252 888 4317 quini
907 4253 1136 4303 continuasse
1155 4252 1244 4304 uiri!

336 4337 374 4387 ci.
391 4336 543 4401 Dionysius
560 4337 628 4388 Hst.
644 4338 667 4387 X
686 4340 719 4389 59
736 4335 767 4389 ἐν
784 4334 815 4388 δὲ
830 4338 873 4399 τῷ
893 4334 1014 4389 κατόπιν
1031 4335 1087 4389 ἔτει
1106 4335 1319 4402 παραλαβόντες
1337 4336 1392 4400 τὴν
1411 4334 1482 4387 ὑπα-

335 4421 418 4485 τικὴν
436 4418 559 4474 ἐξουκίαν
577 4418 605 4473 ol
622 4420 673 4472 (ὺν
693 4418 804 4488 Ἀππίῳ
818 4417 945 4487 Κλαυδίῳ
964 4419 1031 4473 δέκα
1048 4420 1147 4487 ἄνδρες
1166 4419 1251 4473 εἰδοῖς
1270 4422 1374 4484 peiore·
1393 4420 1482 4484 ήγον

335 4506 372 4558 δὲ
388 4505 470 4559 τοὺ(
489 4508 596 4572 μῆνα(
615 4505 703 4558 κατὰ
719 4505 872 4573 τελὴνην
896 4506 950 4558 καί
974 4504 1184 4559 τυνέπιπτεν
1208 4503 1257 4559 ελ(
1280 4504 1340 4558 τὰ(
1364 4504 1482 4558 εἰδοὺς

336 4589 595 4658 ἡπαντὲληνοτ
614 4592 674 4643 κτλ.
