3409 5409
478 462 525 511 na
547 462 732 513 nvouncrn
754 464 969 515 ranvnsuvu
991 466 1166 517 nunonis.
1356 455 1395 521 13

244 616 500 709 oig.2r‚10‚1
523 582 628 707 agen
648 619 690 685 «ιε
709 619 827 685 furiosi
847 620 1018 688 emicone
1039 620 1086 706 (v
1101 622 1135 710 τ)
1154 590 1202 689 'es
1220 622 1396 711 prodigum

244 744 377 811 quoque
387 720 569 804 rettulerit,
585 725 708 789 Auctor
722 720 766 787 ad
780 720 984 789 Herennium
1003 733 1037 789 et
1051 723 1166 790 Cicero
1180 726 1290 811 potius
1305 726 1395 792 incn-

119 846 122 849 ·
244 824 343 893 sandi
357 834 434 891 suut
448 823 505 912 qui
520 824 626 889 minus
642 834 793 891 accurate
808 824 1007 890 tradiderint
1025 824 1106 911 legis
1122 826 1227 892 verba
1245 828 1395 915 —quod
1486 826 1524 851 ”

245 937 459 1015 sumpserunt
477 948 551 992 eum
571 925 737 1013 plerisque
757 925 840 1012 legis
862 926 1107 994 restitutoribus
1123 927 1347 995 Gotholredus
1363 940 1396 996 et

243 1030 435 1096 Dirksenus
446 1066 489 1081 ·-
500 1050 599 1117 quam
610 1028 638 1095 is
651 1029 707 1116 qui
718 1050 759 1094 ex
770 1029 1041 1116 interpretatione
1053 1029 1153 1095 tacito
1165 1028 1297 1126 addidit
1308 1032 1395 1119 quod

244 1130 352 1218 alege
366 1132 484 1199 abfuit.
508 1132 617 1219 Atque
632 1152 675 1197 ex
689 1130 806 1197 eodem
820 1130 913 1197 sonte
927 1131 1076 1218 prolecta
1089 1139 1142 1197 est
1154 1131 1276 1197 vitiosa
1286 1133 1395 1207 Paulli

245 1256 322 1299 cum
333 1232 476 1321 Ulpiano
488 1233 659 1301 consensio
670 1231 789 1323 (Paull.
804 1233 845 1299 D.
859 1234 891 1316 6,
908 1234 938 1314 1,
953 1233 995 1299 23
1009 1237 1041 1316 ξ.
1053 1233 1127 1297 ticf.
1140 1232 1194 1315 24,
1207 1236 1237 1317 1,
1249 1235 1301 1300 63.
1316 1234 1394 1322 Ulp.

244 1336 301 1419 47,
316 1335 336 1401 3
343 1382 353 1416 ‚
371 1337 387 1399 1
405 1335 488 1422 pn),
515 1357 580 1423 qua
605 1336 733 1421 tignum
759 1335 907 1401 iunctum
929 1334 1012 1421 legis
1034 1340 1204 1413 ‘furtivum’
1226 1335 1395 1423 appellant

228 1513 230 1517 ¹
247 1436 304 1523 (T.
319 1437 368 1503 Vl
384 1437 433 1525 7):
451 1438 561 1524 quain
575 1458 611 1501 re
625 1436 742 1501 miram
756 1435 863 1503 Paulli
883 1437 1139 1505 inconstantiam
1158 1438 1302 1519 notavit,
1328 1460 1395 1505 non

246 1538 381 1605 sustulit
406 1538 600 1625 corrigendo
627 1537 820 1604 Huschkius
846 1537 897 1623 (in
923 1539 1200 1605 commentatione
1225 1538 1269 1603 ad
1287 1538 1395 1626 legem

245 1638 318 1705 XII
333 1640 423 1706 tabb.
442 1640 482 1706 de
497 1640 588 1726 tigno
603 1642 725 1709 iuncto.
756 1636 891 1707 Vratisl.
909 1640 990 1707 1837
1005 1664 1038 1728 p.
1054 1642 1076 1707 5
1090 1642 1188 1729 sqq.).
1218 1641 1296 1707 Alia
1309 1664 1394 1729 quae

246 1742 380 1828 quidem
393 1742 530 1807 minoris
546 1743 702 1811 momenti
718 1744 799 1827 sint,
815 1752 962 1830 praestat
976 1743 1137 1809 omittere.

332 1846 403 1910 Iam
414 1867 493 1911 vero
506 1868 547 1911 ne
558 1844 622 1912 hoc
633 1844 766 1933 quidem
778 1844 951 1911 offensioni
962 1845 1115 1932 cuiquam
1127 1846 1200 1927 erit,
1216 1846 1302 1933 quod
1318 1846 1392 1912 sub·

246 1946 323 2021 inde
338 1947 442 2013 verba
456 1946 537 2033 legis
553 1945 607 2013 vel
621 1946 707 2013 mule
721 1947 824 2014 citata
838 1946 893 2013 vel
906 1968 1080 2035 perperam
1093 1945 1262 2013 intellecta
1280 1946 1393 2035 depre-

246 2048 436 2141 hendimus:
452 2058 491 2113 ut
504 2058 678 2137 utrumque
694 2048 784 2115 cadit
797 2050 831 2115 in
846 2048 953 2114 Paulli
968 2048 1077 2116 locum
1091 2048 1135 2113 D.
1150 2049 1205 2131 50,
1222 2050 1274 2132 16,
1288 2050 1331 2115 53
1342 2072 1393 2137 pr.

246 2158 291 2215 ‘ot
303 2170 372 2217 cum
387 2156 499 2217 dicitur
513 2158 628 2233 “sapcr
640 2159 787 2232 pecuniae
801 2160 946 2217 tutelaeve
956 2158 1110 2217 saae’'—·
1121 2149 1265 2217 debebat
1278 2158 1393 2233 “super

243 2258 374 2331 peremta
394 2261 520 2319 tateluve
540 2274 613 2317 suae
632 2260 703 2319 ret”
728 2288 769 2301 -
790 2258 882 2317 ‘tutor
900 2260 1065 2335 separatim
1084 2260 1148 2318 sine
1164 2260 1296 2333 peccato
1322 2258 1395 2318 duri

248 2376 308 2419 non
322 2364 436 2435 potere.
454 2354 511 2440 (V.
526 2355 573 2442 3.)

331 2458 380 2522 At
399 2494 442 2505 -
463 2478 505 2521 ne
526 2478 613 2521 nunc
640 2456 823 2523 obtundam
845 2456 969 2523 diutius
988 2495 1033 2509 —
1051 2457 1088 2521 in
1106 2456 1297 2523 universum
1317 2459 1393 2525 subss

247 2558 413 2627 lestiorem
428 2580 500 2624 esse
516 2559 550 2623 in
566 2557 637 2625 XII
653 2558 793 2625 citandis
808 2560 1104 2626 iureconsultomm
1119 2580 1217 2646 quam
1230 2580 1391 2645 gramma·

246 2662 385 2728 tieorum
405 2658 686 2749 litteratorumque
707 2660 804 2729 fidem
820 2671 854 2728 et
867 2685 926 2750 per
946 2684 982 2729 se
1002 2662 1074 2728 veri
1087 2683 1153 2727 non
1168 2670 1219 2727 est
1234 2661 1393 2728 dissimile

247 2774 280 2831 et
301 2764 382 2833 satis
405 2786 447 2829 ex
469 2784 582 2829 eorum
597 2785 682 2851 quae
696 2764 795 2831 modo
811 2764 952 2853 exposui
967 2765 1093 2831 ratione
1108 2763 1194 2828 sumi
1209 2762 1296 2830 lieet.
1327 2766 1392 2831 Ita·

247 2888 309 2954 que
324 2867 352 2931 si
368 2888 451 2954 quae
465 2888 533 2933 una
546 2864 830 2953 iurisprudentum
845 2868 1040 2933 auctoritate
1054 2866 1219 2948 nituntur,
1240 2868 1392 2934 cautione

247 2991 374 3057 semper
390 2990 471 3057 opus
490 2970 564 3051 erit,
579 2990 621 3033 ne
633 2967 786 3033 alienain
796 2967 904 3056 legem
915 2968 1112 3053 inferamus3
1126 2967 1269 3035 maxime
1281 2980 1391 3035 autem

197 3128 199 3133 ,
246 3072 303 3138 ubi
324 3071 366 3137 de
392 3072 569 3137 verborum
595 3070 790 3158 antiquitate
817 3072 966 3159 quaestio
993 3071 1202 3160 proponitur,
1229 3072 1391 3155 Ciceroni,

247 3173 356 3256 Festo,
373 3172 480 3240 Gellio
495 3172 826 3261 posthabendierunt
837 3174 1050 3259 Digestorum
1062 3173 1253 3260 auctores.¹)
1276 3172 1391 3260 Neque
1408 3204 1412 3209 ·

249 3276 334 3341 enim
356 3298 482 3358 vereor,
508 3298 549 3341 ne
569 3276 642 3363 quis
659 3276 812 3341 obvertat
827 3276 917 3363 apud
933 3278 1112 3343 Auctorem
1131 3275 1173 3340 ad
1188 3275 1391 3340 Herennium

249 3398 331 3465 quae
347 3376 476 3463 exlege
491 3378 669 3443 afferantur
683 3378 701 3442 1
718 3378 768 3461 13,
783 3378 825 3443 23
849 3378 897 3462 (et
919 3378 997 3442 inde
1011 3376 1101 3465 apud
1115 3376 1305 3443 Ciceronem
1320 3380 1390 3444 eius

248 3478 446 3547 imitatorem
462 3478 502 3545 de
518 3481 642 3545 invent.
659 3478 761 3561 1150,
780 3478 868 3565 148),
890 3501 930 3544 ea
944 3478 1047 3544 multo
1063 3470 1286 3545 emendatiora
1300 3478 1391 3545 exhi·

248 3580 318 3647 beri
345 3602 366 3647 a
391 3582 476 3648 Gaio
500 3580 643 3668 Ulpiano
672 3579 786 3647 Paullo
812 3580 995 3669 Pomponio
1021 3580 1121 3670 (Tab.
1142 3580 1175 3646 V
1193 3582 1229 3654 3,
1249 3581 1288 3665 4,
1307 3581 1342 3668 5)
1364 3583 1390 3671 ).

314 3755 340 3823 1)
355 3758 399 3808 lta
416 3757 503 3811 Galus
520 3756 569 3809 ubi
586 3754 620 3807 de
638 3754 707 3807 furti
725 3755 890 3823 quaestions
907 3770 968 3807 cum
985 3754 1068 3807 lance
1086 3758 1116 3807 et
1132 3754 1220 3807 licio
1242 3758 1303 3823 agit
1319 3756 1390 3808 Inat.

248 3842 350 3895 111193
368 3839 530 3895 ‘linteam’
549 3843 631 3907 quasi
649 3842 678 3893 lu
696 3841 760 3909 lege
779 3844 856 3893 extet
873 3840 1086 3915 interpretatum
1104 3843 1179 3909 ‘quid
1194 3843 1229 3891 stt
1244 3850 1328 3893 ostem
1344 3845 1390 3894 tta·

249 3936 311 3979 team
333 3928 472 3995 qaoeaitum
493 3936 547 3985 eat:
565 3930 614 3981 sed
633 3929 717 3981 caius
735 3934 774 3978 est
791 3929 891 3981 consuti
910 3944 990 3995 penus
1010 3932 1082 3979 eue’
1101 3943 1125 3977 e.
1144 3943 1170 3993 q.
1188 3942 1210 3978 s.
1234 3927 1307 3992 quod
1328 3944 1388 3979 voc.

249 4016 294 4063 ‘an
312 4014 341 4063 in
359 4014 411 4067 ΧΠ
429 4014 534 4065 tabulis
551 4016 685 4083 scriptum
703 4028 758 4064 non
776 4014 872 4065 luerit'
890 4014 951 4065 sine
969 4028 1070 4065 caussa
1087 4012 1197 4064 dubitat
1213 4012 1390 4079 Haudjeryns

248 4096 327 4149 Obss.
346 4097 381 4149 de
399 4099 480 4151 furtis
498 4098 587 4167 (Lips.
606 4101 681 4165 1817)
700 4116 726 4167 p.
747 4100 788 4151 111.
817 4098 854 4152 ci.
871 4098 977 4151 Paulus
995 4115 1029 4151 ex
1046 4100 1133 4152 Festo
1150 4115 1179 4165 p.
1198 4100 1246 4150 ms
1264 4097 1302 4150 Μ.
1326 4098 1390 4153 Gol-

248 4182 300 4235 lius
317 4182 350 4235 N.
368 4184 401 4237 A.
419 4185 459 4237 XI
478 4188 518 4246 lo,
537 4188 561 4241 11.
580 4186 646 4238 XVI
663 4188 705 4251 10,
723 4187 748 4237 s.

312 4268 335 4334 ι)
353 4270 386 4321 In
404 4268 466 4337 lege
478 4272 503 4322 V
515 4274 531 4323 8
549 4272 658 4337 quidem
671 4270 821 4323 conelllars
832 4276 951 4338 utraque
962 4271 1123 4324 testlmonia
1134 4274 1198 4337 post
1208 4269 1389 4323 Heinecclam

248 4354 372 4421 aliosque
391 4356 464 4423 apud
480 4356 617 4409 Merulam
638 4355 811 4425 significatos
832 4357 930 4408 subtili
952 4356 1141 4421 disputatione
1158 4356 1265 4408 studuit
1280 4356 1389 4418 Husch-

248 4440 308 4491 lrins
324 4442 397 4496 Mus.
408 4442 485 4496 rhen.
498 4444 550 4495 iur.
560 4444 614 4495 VII
624 4444 657 4495 19
670 4458 730 4509 sqq.
750 4458 767 4493 a
784 4444 895 4495 rhetore
913 4449 943 4496 et
954 4442 1089 4494 Cicerone
1106 4442 1265 4494 ‘familiam'
1283 4448 1390 4495 mutua·

249 4532 302 4587 tus,
326 4528 474 4580 ‘tutelam’
499 4530 534 4581 ab
556 4528 677 4597 Ulpiano
702 4533 731 4580 et
751 4528 867 4582 Paullo:
893 4531 1007 4582 tametm
1028 4530 1101 4583 idem
1123 4523 1196 4594 (not.
1217 4528 1254 4585 ad
1274 4528 1387 4597 Ulpian.
