3409 5409
345 503 388 568 42
767 521 880 569 osevr
904 520 1069 570 nnuman.

346 679 431 746 dum,
448 695 486 738 ue
500 682 541 751 is,
559 683 612 754 fii
623 682 714 740 sciret
727 695 794 739 eam
808 696 849 738 ex
863 681 946 754 lepe
960 679 1151 755 repudiatam
1166 695 1225 740 nou
1239 695 1316 754 esse,
1332 679 1400 738 dolo
1414 681 1500 740 mato

344 783 522 841 committat’
537 776 642 861 legem
657 775 776 841 Iuliam
791 777 902 863 potius
919 798 1017 863 quam
1033 775 1104 842 XII
1120 776 1383 862 exDigestorum
1399 776 1498 842 titulo

344 877 510 944 intellexit
531 901 604 942 oum
620 878 784 944 Balduino
807 888 840 944 et
853 879 1044 964 Augustino
1059 878 1246 944 Dirksenus
1268 901 1300 966 p.
1316 878 1390 944 296.
1420 878 1496 944 Iam

346 1002 449 1066 aeque
464 979 506 1045 de
521 982 608 1045 sexti
622 980 699 1048 libri
721 982 905 1067 fragmento
920 980 963 1045 D.
980 980 1033 1064 44,
1049 981 1080 1063 6,
1097 981 1117 1046 3
1134 979 1220 1066 (XII
1234 979 1270 1064 5)
1286 989 1361 1045 ‘rem
1382 985 1419 1045 de
1432 1001 1498 1060 qua

344 1089 545 1147 controversia
571 1093 615 1146 est
635 1087 829 1162 prohibemur
858 1090 891 1147 tu
917 1103 1038 1148 sacrum
1064 1087 1383 1164 triumuirorum
1409 1087 1500 1163 dupli

344 1205 471 1264 poenam
490 1191 641 1264 patimm’
662 1207 740 1249 num
761 1185 804 1250 ad
825 1183 897 1250 XII
916 1184 1094 1272 respiciant
1117 1183 1268 1252 dubitare
1289 1184 1381 1253 lieet:
1395 1245 1397 1250 .
1411 1207 1498 1272 quae

347 1286 512 1354 dubitatio
533 1309 599 1352 non
620 1285 748 1354 tollitur
768 1288 816 1352 eis
838 1309 922 1374 quae
946 1295 1143 1374 sequnntur:
1161 1289 1233 1352 ‘sed
1252 1291 1377 1367 euplum
1397 1299 1499 1352 utrum

344 1395 418 1465 fiseo
432 1409 474 1452 aa
488 1393 665 1453 aduersario
682 1395 900 1469 praestandum
915 1397 966 1468 sit,
991 1393 1067 1453 milit
1085 1395 1291 1470 exprimitur’
1329 1391 1376 1454 At
1389 1389 1498 1476 quarti

346 1490 425 1556 libri
445 1490 552 1556 locum
566 1491 611 1556 D.
625 1490 681 1574 47,
697 1492 719 1556 9
724 1539 735 1574 ,
751 1492 772 1557 9
792 1489 892 1576 (VIII
907 1492 941 1578 9)
965 1498 1030 1570 ‘qui
1049 1496 1139 1556 aedes
1160 1511 1334 1558 aeeruumae
1350 1495 1502 1568 innuenti

347 1599 435 1657 iuxta
454 1598 571 1657 domum
587 1599 718 1674 positum
742 1599 947 1671 combusserit,
975 1600 1089 1658 uinctus
1110 1599 1283 1659 rapertus
1309 1600 1372 1674 ipmi
1390 1600 1496 1658 uetari

346 1691 477 1769 ialam,
498 1701 527 1760 si
539 1701 735 1762 modoeea'eas
743 1701 940 1776 prudensque
961 1700 995 1760 id
1007 1702 1200 1762 commiserit:
1222 1702 1250 1760 si
1268 1716 1337 1761 uero
1355 1715 1445 1768 casu,
1462 1700 1497 1760 id

346 1807 391 1862 est
403 1803 606 1881 meplepeutia,
623 1809 677 1863 aut
690 1805 813 1864 mmam
827 1806 944 1865 sarcire
964 1803 1079 1864 iubetur
1100 1809 1153 1864 aut
1171 1804 1199 1863 si
1212 1803 1309 1863 mimus
1324 1801 1447 1863 idoneus
1455 1777 1500 1862 ia

347 1906 441 1965 leuius
454 1906 630 1979 casapetra.
655 1907 864 1980 Appellatione
879 1911 977 1966 autem
999 1905 1118 1966 aedium
1133 1907 1227 1964 ommis
1241 1906 1353 1982 speeies
1367 1903 1501 1976 aedilicii

346 2008 553 2068 mnaumur’
568 2040 612 2051 -
631 2002 754 2068 iniuria
773 2005 808 2067 in
828 2003 1069 2070 dubitationem
1091 2014 1301 2070 vocaverunt.
1315 2001 1499 2069 Heuslerus

348 2106 400 2171 De
415 2105 543 2171 ratione
557 2107 593 2170 in
606 2104 782 2191 puniendis
799 2104 927 2170 delictis
944 2103 1042 2191 culpa
1057 2105 1239 2171 commissis
1255 2105 1411 2192 apRom.
1429 2127 1496 2172 ser-

347 2217 427 2273 vata
447 2207 532 2275 Tnb.
551 2209 632 2273 1826
656 2231 689 2294 p.
712 2208 750 2272 17
773 2230 844 2295 sqq.
867 2218 900 2274 et
925 2209 1144 2275 Waeehterus
1171 2207 1224 2273 De
1250 2209 1342 2274 crim.
1365 2208 1497 2276 incend.

347 2309 439 2398 Lipe.
458 2309 539 2376 1833
554 2333 587 2397 p.
603 2311 645 2376 22
660 2333 749 2398 sqq„
770 2332 846 2376 eum
867 2311 909 2376 de
925 2309 1105 2398 supplicio,
1127 2309 1224 2396 quale
1245 2310 1346 2376 fuerit
1360 2311 1499 2398 impera-

348 2413 434 2479 toria
447 2423 557 2479 aetate
572 2414 771 2500 acciperent.
798 2412 861 2478 Oui
876 2412 923 2477 rei
940 2423 977 2479 ut
990 2435 1107 2499 parum
1121 2414 1297 2500 patrocinii
1312 2411 1441 2479 aceedit
1455 2434 1499 2479 ex

240 2573 243 2580 .
348 2517 515 2603 praesenti
531 2526 679 2602 tempore
691 2519 840 2592 ‘iubetur’‚
857 2519 1046 2594 ‘eastipatur’
1057 2524 1171 2602 utpote
1182 2515 1217 2580 in
1229 2515 1498 2603 interpretatione

347 2618 429 2684 certi
442 2618 611 2704 praecepti
626 2617 708 2703 legis
725 2639 746 2682 a
758 2617 843 2683 Gaio
860 2627 958 2684 antea
972 2619 1135 2706 propositi
1150 2629 1314 2701 versante,
1325 2655 1369 2666 —
1380 2618 1498 2684 nereus

275 2729 279 2743 '
348 2721 435 2785 enim
456 2741 540 2807 quae
561 2721 657 2785 affert
671 2718 887 2784 Waeohterns
908 2741 941 2807 p.
956 2721 1008 2785 24.
1031 2720 1073 2786 26
1088 2745 1137 2808 sq.
1159 2721 1360 2808 argumentis
1381 2741 1499 2792 vereat
1578 2765 1585 2772 -
1643 2714 1644 2742 ¹

347 2832 386 2887 ut
406 2823 478 2907 ipse
498 2843 652 2907 magnam
673 2821 741 2888 vim
759 2821 914 2888 tribuerit
928 2847 985 2888 -ε
1009 2824 1056 2888 ita
1076 2845 1181 2910 neque
1200 2825 1274 2911 ipsa
1294 2843 1421 2910 poenae
1443 2821 1497 2888 de-

347 2923 520 3010 scriptio¹)
534 2945 640 3010 neque
664 2923 818 3010 antiquus
834 2924 1010 2991 verborum
1031 2924 1121 2992 color
1137 2927 1290 3012 (uastam
1304 2929 1434 2990 sareire’
1450 2924 1497 2988 iu-

347 3027 445 3092 betur
460 3026 503 3090 οἵ.
521 3026 562 3090 Τ.
577 3023 665 3090 VIII
681 3025 730 3090 13.
757 3023 884 3090 Gellius
901 3025 954 3092 XI
972 3027 1025 3110 18,
1042 3029 1076 3115 8)
1099 3050 1158 3093 nec
1180 3027 1321 3115 denique
1343 3025 1497 3094 vocabuli

348 3127 437 3214 qnod
453 3138 505 3194 est
519 3126 643 3193 ‘aedes'
658 3125 835 3212 explicatio
852 3130 1022 3193 convenit:
1046 3151 1130 3216 qnae
1151 3129 1284 3216 quidem
1304 3151 1439 3215 prorsus
1455 3151 1497 3192 ex

348 3251 440 3294 more
455 3239 506 3295 est
519 3227 601 3314 legis
617 3229 834 3317 interpretum
849 3229 892 3294 ef.
911 3229 1016 3296 Gaius
1032 3231 1074 3296 D.
1091 3231 1149 3314 50,
1169 3232 1225 3314 16,
1242 3231 1284 3296 62
1307 3234 1414 3310 ‘Tipru'
1433 3251 1494 3310 ap·

346 3337 508 3411 peltatiaue
522 3338 552 3395 iu
568 3335 640 3395 XII
650 3337 726 3396 tabl.
742 3351 828 3396 omme
844 3353 940 3410 penus
959 3339 1104 3398 materiae
1124 3355 1164 3397 ex
1185 3353 1245 3412 qua
1266 3337 1407 3410 aedificia
1421 3328 1496 3397 eou-

348 3445 430 3497 staut
441 3439 651 3513 sipur'fieatur.'
674 3434 791 3515 itast
810 3438 951 3509 ‘Glaudr's
965 3441 1164 3515 appellatione
1179 3441 1273 3500 ortuis
1284 3437 1407 3512 fruetus
1420 3453 1495 3499 eort-

349 3542 480 3599 tiaetur.’
502 3537 567 3601 233
581 3540 601 3618 §
615 3536 636 3599 2
652 3539 770 3600 ‘Telum
784 3543 872 3616 eulpa
886 3541 1004 3616 quidem
1027 3543 1060 3602 tal
1073 3544 1244 3620 appellatur
1264 3541 1344 3616 quoa
1362 3541 1401 3602 ab
1421 3557 1498 3601 areu

349 3644 488 3711 mittitur,
502 3643 558 3703 sed
570 3660 650 3702 aare
664 3659 749 3704 omae
763 3645 952 3728 epularetur
966 3644 1047 3718 quod
1059 3646 1182 3706 mittitur
1196 3644 1311 3704 mauu?
1327 3637 1370 3703 al.

435 3739 593 3808 Graviori
604 3763 684 3806 vero
701 3741 873 3807 offensioni
890 3751 966 3806 sunt
981 3764 1066 3828 qnae
1078 3740 1118 3807 de
1128 3741 1291 3807 furtorum
1303 3741 1416 3829 poenis
1426 3739 1498 3826 lege

350 3842 511 3909 institutis
521 3841 625 3908 Gaius
636 3841 741 3908 tradit
747 3842 830 3908 Inst.
837 3842 892 3908 ΙΙΙ
906 3844 963 3908 191
974 3867 1022 3931 sq.
1035 3848 1189 3924 ‘Concepit
1198 3855 1227 3908 et
1236 3847 1328 3908 adlati
1334 3843 1495 3930 (sc.furti)
1544 3929 1548 3936 .

342 3966 445 4026 poena
466 3967 507 4010 ex
525 3953 590 4024 lepe
609 3949 682 4010 XII
697 3949 869 4011 tabularum
891 3951 976 4026 tripli
993 3959 1036 4010 est
1055 3967 1151 4026 eaque
1164 3951 1299 4011 similiter
1319 3966 1340 4009 a
1357 3955 1499 4025 praetore

348 4059 495 4114 seruatur.
528 4053 673 4113 motata
691 4054 769 4112 actia
792 4053 960 4127 quadrupli
979 4069 1019 4113 ex
1039 4053 1134 4114 edicto
1158 4053 1309 4129 praetoris
1329 4052 1498 4112 introducta

350 4155 438 4231 (est):
462 4157 515 4215 lea
540 4162 637 4216 autem
658 4170 693 4215 eo
714 4156 831 4214 nomiae
852 4155 968 4216 aulam
990 4171 1120 4231 poenam
1140 4156 1306 4223 coustituit·
1330 4155 1386 4215 lroe
1405 4155 1499 4213 suum

344 4259 512 4336 praecipit,
537 4267 570 4318 ut
594 4259 647 4333 qui
671 4272 819 4333 quaerere
846 4257 929 4326 uelit,
956 4257 1055 4317 nudus
1081 4266 1224 4332 quaerat,
1258 4259 1345 4317 linteo
1374 4257 1497 4328 mactus,

409 4493 438 4559 ·¹)
458 4497 494 4549 cf.
513 4496 668 4546 Dirksonus
687 4513 712 4562 p.
726 4497 776 4548 553
792 4511 843 4560 sq„
863 4495 911 4559 qui
929 4493 1026 4546 eadem
1044 4493 1078 4544 de
1092 4509 1193 4546 caussa
1206 4509 1260 4546 non
1272 4508 1354 4560 posse
1367 4491 1401 4544 de
1414 4491 1499 4544 Prae·

349 4581 418 4633 toris
437 4581 528 4634 edicto
547 4580 666 4648 cogitari
684 4579 732 4646 (cf.
752 4579 856 4633 Callet.
874 4579 929 4632 ΧΠ
947 4581 974 4643 l)
993 4581 1100 4631 statuit
