3409 5409
368 492 410 557 24
780 502 893 549 carvr
914 501 1088 550 annnavn.

371 672 499 741 rentur,
526 660 600 726 idco
626 658 738 725 statim
763 656 866 723 aetati
884 653 972 721 Aelii
994 644 1214 721 adscribenda
1233 667 1355 723 essent.
1386 656 1551 723 Verum

285 752 289 762 ’
368 765 519 853 cupidius
541 762 603 829 hoc
623 758 803 849 praeripuit
824 756 1033 839 Huschkius,
1060 780 1135 823 cum
1155 758 1233 823 inde
1253 759 1392 846 probari
1414 761 1550 827 vellet

368 868 426 933 hos
456 866 557 933 libros
586 874 653 929 tres
683 862 814 927 eosdem
835 881 909 925 csse
928 858 962 924 S.
983 858 1072 925 Aelii
1094 863 1405 929 commentarios
1429 887 1546 951 quos

367 970 405 1036 P.
427 968 565 1035 Crassus
587 966 669 1044 citat
692 962 779 1051 apud
801 964 991 1029 Ciceronem
1004 961 1026 1026 l.
1042 960 1064 1027 l.
1096 962 1189 1045 Quae
1210 988 1262 1031 res
1281 966 1381 1030 etiam
1404 966 1434 1030 si
1455 965 1543 1033 lar·

367 1072 495 1157 giemur
517 1068 557 1135 de
579 1068 685 1133 tribus
707 1065 1012 1132 commentariorum
1030 1064 1125 1130 libris
1141 1068 1288 1152 cogitare
1302 1090 1400 1153 posse
1417 1070 1541 1135 Pom-

368 1174 517 1261 ponium,
545 1169 758 1274 fqndamento
777 1167 865 1235 omni
886 1167 1077 1234 destituitur
1097 1170 1183 1255 quod
1199 1191 1242 1234 ex
1257 1169 1407 1236 eiusdem
1424 1173 1539 1237 testi-

368 1274 477 1342 monio
493 1272 534 1341 de
549 1270 614 1338 fide
628 1270 759 1339 illorum
773 1269 932 1339 librorum
950 1268 1040 1335 haud
1060 1272 1239 1356 constat¹):
1267 1294 1341 1338 cum
1362 1274 1404 1339 de
1427 1297 1536 1341 com-

368 1376 537 1444 mentariis
553 1397 631 1467 sane
646 1373 735 1462 apud
750 1372 940 1440 Ciceronem
955 1371 1107 1439 dubitare
1120 1396 1186 1440 non
1199 1372 1308 1441 liccat.
1336 1374 1428 1458 Quin
1443 1384 1535 1463 pcr-

369 1501 466 1568 quem
480 1486 557 1566 apte
572 1474 711 1565 simplex
726 1485 758 1542 et
772 1498 943 1543 commune
958 1477 1265 1543 commentariorum
1279 1499 1398 1545 nomen
1413 1480 1532 1544 ctiam

369 1580 541 1669 tripertitis
562 1579 729 1648 convenit:
758 1578 844 1667 qnod
868 1578 1066 1644 adiectivum
1086 1600 1107 1643 a
1126 1579 1306 1667 Pomponio
1321 1581 1409 1646 nude
1425 1582 1532 1668 posi-

370 1695 437 1749 tum
459 1694 517 1749 aut
536 1682 635 1749 fallor
654 1690 710 1747 aut
730 1704 750 1747 a
771 1703 849 1747 vero
870 1702 936 1746 non
951 1679 1106 1746 abhorret
1120 1682 1162 1747 ab
1177 1682 1250 1768 ipso
1267 1681 1362 1748 Aelio
1377 1694 1532 1749 auctum

368 1786 473 1852 fuisse
488 1786 695 1851 substantivo
710 1788 935 1851 ‘commentaria
949 1788 1125 1863 tripartita&

452 1886 735 1973 interpretationis
747 1894 962 1972 autem,‘quae
971 1885 1120 1973 iuit‘pars
1134 1886 1381 1973 tripertitorum,
1393 1910 1530 1975 parum

368 1988 545 2055 dilucidam
566 1988 742 2075 imaginem
761 1988 865 2053 ferme
885 1986 1075 2053 adumbrari
1100 1988 1208 2055 video.
1245 1988 1401 2075 Vulgaris
1424 1992 1530 2057 enim

437 2262 458 2331 ¹)
472 2264 582 2317 Certam
595 2267 654 2316 eius
666 2266 708 2315 rei
720 2279 846 2317 caussam
859 2264 1070 2330 significandam
1082 2266 1202 2316 obtrusit
1214 2266 1364 2332 Pomponio
1376 2267 1527 2319 Huschkii

368 2365 479 2401 manus:
499 2351 546 2415 qui
564 2350 736 2401 enuntiatum
761 2348 832 2414 quod
855 2350 981 2413 seqnitur
1005 2354 1100 2415 aperte
1124 2355 1281 2416 corruptum
1304 2352 1378 2403 ‘Hos
1400 2359 1526 2404 sectatur

368 2438 404 2488 ad
420 2436 519 2503 aliquid
534 2444 574 2487 eat
592 2426 663 2488 Cato.
699 2436 798 2487 Deinde
817 2434 856 2485 M.
877 2434 956 2485 δαίθ’
971 2472 976 2483 .
991 2470 1018 2484 ..
1037 2436 1174 2501 prioribus
1193 2436 1282 2485 iunxit
1300 2439 1355 2487 ita:
1374 2443 1458 2502 ‘quos
1476 2446 1522 2488 ta-

368 2538 423 2572 raco
440 2523 541 2588 quidam
559 2528 651 2585 repant
670 2522 782 2572 eiusdem
799 2536 867 2579 erse,
886 2520 944 2571 aed
960 2520 1006 2571 lios
1024 2523 1146 2571 sectati
1167 2522 1202 2571 ad
1224 2523 1322 2588 aliquid
1338 2522 1413 2572 Aea·
1431 2523 1520 2573 eati.

369 2608 468 2657 Deinde
486 2607 526 2657 M.
546 2606 620 2659 δαίθ’
635 2645 640 2655 .
655 2644 661 2655 .
676 2625 698 2664 .,·
715 2622 742 2672 p.
757 2606 805 2659 183
825 2620 865 2671 sq.
885 2620 920 2656 ne
938 2605 992 2655 hac
1011 2604 1120 2670 quidem
1138 2606 1167 2657 iu
1185 2620 1215 2657 rc
1233 2607 1359 2671 privatus
1378 2606 1521 2658 Rudorffii

369 2706 494 2742 assensu.
518 2690 555 2741 At
572 2706 662 2756 nsque
680 2694 793 2757 propter
811 2692 927 2741 formam
945 2692 1077 2741 ‘studere’
1096 2706 1151 2755 qua
1170 2691 1359 2743 tantummodo
1378 2692 1521 2758 excipitur

369 2778 445 2843 prius
463 2778 594 2827 ‘eusdem‘
614 2776 654 2825 ita
672 2776 796 2841 grassari
814 2775 897 2839 licet,
916 2780 945 2826 et
962 2791 1049 2827 novus
1067 2776 1116 2827 ille
1136 2777 1260 2842 quisquis
1278 2777 1334 2827 init
1350 2777 1448 2828 Aelius
1461 2776 1518 2828 Ca·

370 2868 414 2912 tus
432 2860 528 2913 debuit
546 2860 645 2911 saltem
663 2858 766 2911 diserte
786 2860 882 2910 ‘alius’
900 2860 1064 2927 praedicari.
1100 2862 1219 2911 Accedit
1237 2862 1309 2927 quod
1328 2859 1393 2913 Cati
1411 2878 1516 2929 cogno·

369 2962 431 2998 men
449 2946 617 3012 Pomponius
637 2950 721 2996 antea
738 2960 773 2995 ne
792 2946 877 2997 verbo
897 2947 1006 3011 quidem
1025 2946 1133 3013 attigit:
1156 2946 1260 2997 inferre
1279 2946 1389 3011 quidem
1406 2948 1515 2997 Husch-

370 3030 432 3083 kius
451 3046 535 3082 ausus
554 3035 610 3093 est,
630 3046 663 3082 ex
674 3029 831 3082 Florentini
849 3030 908 3083 cod.
926 3033 1064 3098 scriptura
1081 3030 1156 3083 ‘Sca
1176 3032 1285 3083 Caelim’
1304 3031 1422 3085 eliciens
1437 3031 1514 3087 ‘Sea

372 3118 465 3169 Gutus
483 3116 584 3167 Aciiua'
603 3116 644 3182 (p.
666 3115 731 3177 178)
750 3130 863 3182 prorsus
885 3117 1013 3168 inaudita
1036 3116 1221 3168 collocatione
1241 3121 1325 3183 atque
1344 3132 1415 3183 qnae
1433 3116 1514 3169 dissi-

370 3200 494 3253 millimis
522 3200 627 3253 Balbus
654 3200 795 3263 Lucilius,
823 3201 918 3252 Labeo
946 3202 1083 3253 Antistius
1110 3207 1163 3253 etc.
1196 3204 1309 3254 minime
1338 3201 1513 3254 defendatur.

371 3285 488 3337 Omnino
508 3286 611 3336 frustra
630 3286 777 3352 quidquam
797 3284 905 3337 efficias
924 3303 958 3337 ex
979 3288 1034 3338 isto
1052 3289 1121 3339 vitio
1139 3286 1249 3355 vulgari
1266 3288 1296 3338 in
1315 3288 1440 3340 codicum
1456 3303 1512 3339 me·

370 3372 457 3423 moria
481 3370 528 3435 (cf.
552 3370 763 3421 Kaemmererus
787 3371 868 3422 Obss.
891 3372 943 3425 iur.
968 3372 1020 3424 civ.
1045 3388 1070 3437 p.
1090 3372 1105 3423 I
1127 3372 1161 3424 de
1183 3374 1243 3423 vita
1267 3372 1295 3427 S.
1315 3372 1433 3425 Caecilii
1454 3372 1512 3423 lCti

370 3474 397 3523 p.
417 3460 458 3509 32.
478 3458 519 3509 45.
539 3457 573 3507 48
591 3472 617 3507 n.
637 3454 695 3521 26):
714 3460 746 3507 ut
763 3456 847 3507 simili
865 3456 944 3508 modo
962 3458 1026 3524 Dig.
1046 3461 1087 3521 33,
1107 3461 1132 3517 9,
1151 3461 1167 3509 3
1184 3460 1200 3519 §
1218 3461 1234 3509 9
1253 3458 1317 3513 Sex.
1337 3458 1511 3510 Caecilius

372 3542 519 3595 exhibetur
541 3557 590 3608 pro
614 3542 677 3593 Sex.
696 3542 810 3608 Aelio,
835 3542 907 3608 quod
929 3559 1027 3595 nomen
1050 3558 1084 3593 ex
1109 3543 1250 3595 Callicli.
1268 3545 1302 3598 A.
1320 3544 1359 3596 lV
1378 3547 1406 3607 1,
1425 3546 1458 3594 20
1475 3542 1511 3594 dc

374 3629 471 3679 eadem
494 3644 524 3679 rs
542 3626 670 3679 tradente
690 3628 890 3695 restituendum
908 3633 964 3679 est:
988 3630 1036 3679 ubi
1053 3630 1134 3695 gravi
1157 3644 1249 3679 errore
1267 3630 1291 3683 1.
1309 3629 1340 3683 F.
1360 3628 1511 3680 Gronovius

372 3712 492 3764 Gellium
512 3729 546 3764 ex
564 3714 689 3779 Digestis
709 3714 846 3780 corrigere
865 3713 976 3776 maluit,
996 3714 1108 3765 scilicet
1119 3714 1245 3766 Servium
1265 3714 1417 3780 Sulpicium
1437 3719 1509 3765 ratus

372 3798 515 3849 Ciceronis
539 3796 683 3862 aequalem
703 3798 764 3853 Sex.
785 3798 904 3850 Caecilii
922 3800 1040 3851 celebris
1063 3796 1207 3850 Hadriano
1230 3804 1365 3865 regnante
1383 3798 1442 3850 ICii
1463 3797 1508 3862 (ci.

372 3882 480 3934 Gellius
499 3882 551 3934 XX
570 3881 596 3946 1)
615 3882 723 3950 placita
741 3884 845 3936 referre
865 3885 998 3950 potuisse.
1015 3910 1050 3920 —
1067 3884 1107 3934 Ac
1130 3884 1248 3935 latuisse
1271 3884 1382 3937 videtur
1399 3886 1507 3949 Pompo·

370 3970 447 4019 nium
464 3967 543 4020 illius
562 3969 732 4035 cognominis
755 3970 841 4021 ratio:
865 3971 913 4034 qui
936 3969 1097 4033 ceteroquin
1120 3984 1153 4019 eo
1175 3984 1231 4020 non
1249 3971 1338 4021 minus
1357 3986 1423 4021 osus
1439 3976 1508 4022 esset

372 4058 456 4119 atque
474 4054 489 4116 5
507 4056 540 4107 37
559 4052 714 4121 Sempronii
732 4058 815 4121 ‘quem
829 4058 940 4120 populas
957 4054 1083 4104 lionam
1102 4050 1199 4117 (οφὸν
1216 4058 1365 4120 appellari?
1384 4060 1433 4107 ant
1448 4057 1461 4118 i
1476 4059 1506 4108 38

371 4138 453 4191 Atilii
472 4140 520 4205 qui
538 4142 645 4206 ‘primus
663 4156 679 4190 u
694 4142 791 4205 populo
810 4138 922 4205 Sapiens
939 4141 1084 4204 appellatus
1101 4144 1161 4193 cst’
1179 4142 1291 4191 -Iam
1315 4156 1347 4192 co
1364 4140 1427 4192 loco
1442 4140 1505 4192 unde

372 4224 491 4292 proiecti
509 4240 616 4291 sumus,
636 4224 721 4277 ‘Coto’
740 4226 831 4292 priore
850 4226 912 4276 ioco
930 4223 1077 4275 delendum
1096 4230 1139 4275 est
1156 4224 1277 4277 tortasse
1294 4242 1330 4277 ex
1346 4226 1428 4277 titulo
1443 4240 1505 4276 nar·

372 4312 432 4378 gini
452 4310 591 4377 adscripto
610 4310 768 4363 oriundum:
792 4314 823 4361 ut
840 4324 911 4361 sans
933 4308 1067 4376 procedat
1083 4313 1237 4363 sententia:
1257 4311 1328 4363 ‘Hor
1348 4318 1455 4363 sectatae
1473 4314 1505 4363 ad

372 4398 470 4464 aliqtdd
486 4404 526 4448 eri
542 4398 633 4449 deinde
645 4397 685 4453 M.
701 4398 776 4461 curo,
794 4398 917 4462 princeps
934 4396 1045 4447 Porcius
1061 4396 1186 4459 succidiae,
1205 4398 1276 4447 casius
1293 4404 1320 4447 ct
1335 4398 1395 4448 iibri
1411 4402 1504 4453 mant,-

372 4484 421 4535 rcd
434 4484 544 4547 piures
562 4482 600 4533 M.
615 4483 665 4547 lilii
681 4484 747 4543 eius,
771 4498 807 4534 err
829 4481 918 4549 quitus
935 4482 1016 4532 ceteri
1032 4483 1169 4535 arionita)
1205 4483 1249 4533 lta
1267 4483 1341 4533 enim
1357 4485 1435 4533 recte
1450 4497 1499 4533 cor·
1614 4479 1615 4542 l

373 4568 428 4633 rigi
447 4568 481 4619 ab
499 4567 644 4621 Huschkio
662 4584 688 4634 p.
703 4568 751 4619 185
769 4571 837 4633 puto
855 4568 1021 4633 scriptoram
1037 4566 1171 4620 librorum
1188 4568 1247 4617 ‘red
1260 4570 1364 4631 plurimi
1376 4568 1425 4631 tilii
1439 4569 1501 4619 eiu)
1614 4553 1615 4580 ¹
