3409 5409
342 544 390 592 Du
412 543 464 592 XII
487 544 701 593 Tlevunuvu
723 544 901 607 Rulevns
924 544 1170 595 conplosums.
1285 526 1329 593 65

268 700 444 763 Praeterea
463 709 671 765 accesserunt
691 698 756 765 duo
771 699 863 765 Festi
883 698 947 766 loci
967 699 1075 765 adhuc
1093 698 1223 765 omissi:
1245 696 1329 763 ulter

173 825 210 888 p.
229 800 295 867 258
317 804 503 879 ‘(lluoudo
517 822 584 867 cum
603 808 695 881 oravi
707 807 1031 883 campummollem,
1050 806 1201 879 riuuificul
1219 804 1329 879 (quod.-

174 914 275 968 ucula
298 910 503 985 sollempuiis
526 903 763 987 ouvellumst),
790 916 823 968 ul
842 909 966 969 Pluulus
989 910 1021 968 iu
1041 907 1262 979 Meluueclmls
1287 906 1331 966 ull

178 1052 346 1071 .......
361 1016 391 1071 el
404 1008 520 1071 Ennius
534 1012 554 1072 l.
570 1010 656 1071 XVI
672 1008 765 1071 “Noc
785 1010 907 1085 quondo
921 1010 1026 1071 medus
1039 1011 1133 1084 siquis
1150 1010 1329 1085 praecinctu

176 1112 325 1173 uoluiil.'’
362 1112 400 1173 ln
420 1112 491 1173 XII
506 1114 625 1187 quidem
645 1129 712 1175 cum
738 1114 876 1174 clilleru
902 1114 1006 1173 ultime
1031 1112 1174 1173 scribitur
1193 1110 1330 1188 idemque

176 1217 355 1290 sipuificulss
389 1210 456 1277 Ubi
483 1210 554 1276 XII
580 1234 646 1278 non
672 1234 744 1277 esse
768 1210 914 1275 Enniani
940 1208 1019 1302 libri
1043 1230 1216 1276 numerum
1241 1218 1330 1275 recte

178 1321 301 1378 eontra
320 1312 512 1378 Ducierium
532 1322 565 1379 et
578 1313 740 1379 Merulam
761 1310 933 1379 contendit
952 1312 1144 1379 Muellerus.
1180 1310 1235 1377 De
1247 1333 1267 1378 c
1280 1321 1329 1377 tu·

179 1436 260 1479 meu
274 1413 385 1480 littera
398 1414 520 1481 vitiosa
532 1416 653 1481 Ursino
668 1416 778 1503 potius
793 1414 1040 1481 assentiendum
1060 1414 1182 1502 estqui
1204 1435 1221 1479 e
1237 1436 1331 1501 repo·

179 1517 250 1582 suit
278 1555 321 1567 --
350 1517 402 1583 cui
430 1519 479 1583 rei
503 1540 570 1585 non
598 1540 797 1605 magnopere
823 1517 935 1583 obstat
960 1516 1048 1603 quod
1074 1516 1187 1582 statim
1211 1538 1245 1604 p.
1266 1515 1328 1581 261

181 1624 349 1698 ‘quamde'
365 1628 398 1685 et
413 1624 568 1698 ‘quande'
590 1642 648 1707 pro
664 1622 789 1699 ‘quam’
805 1618 959 1686 dicuntur
978 1621 1031 1685 usi
1053 1642 1125 1685 esse
1146 1617 1272 1706 antiqui
1287 1654 1331 1665 -

182 1742 284 1807 quern
313 1718 472 1787 Muellero
503 1726 526 1785 (l
552 1722 748 1808 corrigenti,
779 1731 816 1787 ut
845 1721 1008 1807 cogitetur
1038 1724 1214 1801 ‘qualeae’
1244 1720 1331 1787 sicut
1373 1772 1377 1779 .

182 1821 346 1909 ‘suprad’‚
362 1822 481 1909 ‘prod’‚
498 1822 698 1889 ‘ioeilumed’
714 1822 773 1889 sl:
796 1844 874 1889 nam
889 1832 958 1888 tum
974 1845 1039 1889 non
1054 1833 1126 1889 erut
1140 1820 1330 1911 ponendum

177 1929 264 1989 lcum
279 1928 416 1989 dlilleru
429 1931 533 1989 ultimo
548 1930 710 2003 scriluur'‚
725 1946 840 1991 vorum
856 1930 892 1988 ‘d
904 1931 1004 1991 lilleru
1019 1930 1167 1991 aeuitur?
1180 1964 1223 1975 -
1234 1923 1331 1991 Alter

183 2024 277 2092 loeus
300 2034 351 2091 est
370 2048 402 2114 p.
419 2026 483 2093 352
504 2050 599 2115 quem
620 2050 720 2115 suprs
743 2027 943 2093 constituere
968 2038 1104 2093 conatus
1131 2050 1203 2093 sum
1223 2050 1255 2115 p.
1271 2026 1328 2092 29:

185 2130 425 2205 (Trousdulo
440 2136 569 2210 nolu)ull
581 2134 682 2195 Aelius
696 2136 727 2194 iu
741 2132 813 2193 XII
823 2134 1013 2208 clarificare
1026 2132 1163 2209 cudite).

269 2230 422 2317 Denique
448 2232 536 2319 apud
556 2231 697 2297 eundem
721 2253 753 2318 p.
773 2230 834 2295 174
854 2235 1021 2312 <(Noxio)
1042 2242 1076 2295 ul
1094 2234 1161 2296 Ser.
1179 2234 1330 2312 Sulpicius

184 2335 303 2409 Rufus
317 2338 362 2396 ull
376 2338 519 2397 domuum
533 2340 707 2414 sipnlficul),
724 2338 808 2413 upucl
817 2344 925 2412 poetas
935 2343 1033 2397 aulem
1046 2345 1076 2398 el
1089 2347 1224 2399 ueteres
1234 2340 1329 2414 poui-

185 2445 234 2499 lur
243 2455 305 2515 pro
319 2440 421 2515 culpa.
454 2446 487 2499 ul
500 2455 598 2499 noxa
611 2446 766 2515 peccalum
788 2448 840 2499 cul
852 2455 911 2515 pro
921 2446 1047 2517 peccalo
1059 2454 1203 2515 puerum,
1218 2446 1253 2499 ul
1266 2448 1329 2500 Ac-

185 2543 249 2600 cius
263 2542 294 2599 iu
311 2539 485 2617 Melanippo
500 2540 596 2601 “Tele
609 2558 672 2603 esse
687 2542 756 2601 lule
771 2557 872 2601 nocue
884 2540 1080 2602 oluoxium.”
1105 2545 1173 2603 ilem
1188 2558 1255 2603 curu
1266 2544 1330 2602 lex

186 2642 264 2709 iubet
276 2658 397 2713 noxae
412 2642 564 2711 dedere,
576 2660 637 2719 pro
648 2650 772 2721 peccalo
788 2644 860 2704 dedi
872 2644 987 2713 iubcl’‚·
1001 2662 1076 2707 cum
1091 2640 1227 2707 niteram
1242 2638 1328 2725 glos·

187 2762 241 2806 sse
256 2750 383 2828 purtem
399 2741 441 2805 ud
458 2741 528 2805 XII
539 2726 668 2809 tabulas
685 2742 849 2829 pertinere
864 2739 988 2806 dudum
1003 2740 1204 2809 intellectum
1219 2744 1274 2825 sit,
1288 2764 1330 2807 ne

186 2844 275 2929 prior
289 2842 435 2930 quidem,
452 2843 481 2907 si
496 2842 576 2931 quid
590 2844 699 2927 video,
715 2845 820 2909 caruit
835 2842 960 2909 diserte
974 2842 1056 2930 legis
1072 2844 1327 2929 significatione:

188 2948 300 3009 ‘Noxia
314 2950 351 3009 iu
365 2948 459 3027 XII,
476 2956 508 3009 ul
521 2949 587 3011 Ser.
603 2950 688 3027 sulp.
704 2950 742 3011 Ii.
759 2951 818 3009 ull'
836 2992 844 3009 .
863 2993 871 3009 .
889 2994 896 3009 .
926 2946 1001 3011 Hoc
1022 2946 1109 3011 enim
1131 2956 1165 3011 et
1185 2946 1330 3032 epatium

188 3066 327 3113 vacuum
342 3045 488 3135 postulet
502 3057 535 3113 et
550 3050 737 3136 oppositum
753 3052 851 3128 ‘apuu
861 3060 968 3128 pocius
982 3062 1079 3112 urcem
1094 3058 1123 3112 el
1136 3056 1280 3112 oreimes’
1297 3056 1331 3112 et

188 3170 264 3235 prae
279 3151 397 3214 ceteris
413 3148 509 3215 Pauli
524 3158 731 3237 excerptum:
749 3154 861 3214 ‘Noxia
875 3154 978 3230 opud
996 3156 1172 3229 antiquos
1187 3154 1330 3214 domuum

188 3256 389 3329 slauificotuu
405 3256 460 3315 secl
473 3274 494 3315 a
503 3260 600 3334 poetis
615 3259 741 3333 ponitur
759 3272 817 3332 pro
840 3258 957 3332 culpa?
982 3250 1067 3316 Num
1082 3252 1132 3317 itu
1147 3252 1231 3317 solet
1244 3250 1329 3316 Pau·

188 3351 238 3417 lus
253 3354 522 3419 circumscribere
538 3355 657 3441 legem,
677 3363 715 3419 ut
729 3352 955 3419 Gothofredus
975 3353 1132 3419 observet
1152 3353 1195 3417 ud
1209 3352 1250 3418 T.
1266 3352 1283 3418 Ι
1300 3354 1330 3416 1.
1418 3424 1421 3428 ,

190 3452 231 3519 cf.
245 3478 278 3541 p.
297 3454 336 3519 19
352 3460 497 3519 ‘odoror-e
511 3461 598 3537 apud
611 3462 790 3534 antiquos
809 3458 1000 3533 sipuificubul
1017 3460 1129 3533 uuere'
1144 3453 1191 3539 (V
1193 3453 1247 3519 III
1263 3454 1329 3537 16),

189 3578 220 3643 p.
241 3554 282 3620 84
310 3559 440 3621 ‘Forum
456 3602 465 3620 .
483 3604 490 3621 .
509 3604 517 3622 .
536 3604 544 3621 .
565 3568 673 3636 quarto
692 3576 759 3621 cum
780 3561 815 3620 id
834 3559 940 3633 forum
960 3560 1111 3635 antiqui
1136 3558 1332 3635 appellabunt

190 3661 268 3739 quod
280 3678 359 3723 nuuc
374 3663 545 3723 uestibulum
559 3665 693 3740 sepulcri
705 3654 838 3746 dic[ur]i
850 3665 939 3723 solel’
957 3654 1005 3742 (X
1018 3657 1072 3745 11)
1088 3664 1151 3723 etc.
1172 3654 1331 3724 Similiter

80 3756 84 3763 ’
191 3782 222 3847 p.
236 3759 297 3826 232
324 3762 456 3825 ‘Portum
478 3764 656 3841 frequenter
681 3768 842 3827 maiores
865 3780 924 3841 pro
948 3766 1035 3825 domo
1056 3766 1246 3840 posuerunl’,
1271 3758 1330 3826 ubi

191 3863 305 3929 Festus
321 3868 455 3929 ‘Portum
470 3872 506 3929 iu
520 3868 603 3929 ΧΙΙ
610 3884 669 3945 pro
683 3870 768 3929 domo
780 3870 908 3944 positum
923 3882 1022 3927 omues
1032 3865 1103 3941 sere
1116 3868 1330 3929 coruemiunt’:

192 3974 303 4030 utnon
318 3964 477 4031 dissimile
497 3967 568 4033 veri
588 3966 741 4033 videatur
755 3989 788 4053 p.
803 3966 868 4032 362
883 3968 1109 4047 ‘Tempesluleru
1126 3983 1187 4044 pro
1200 3974 1332 4043 tempore

190 4068 362 4146 frequenter
376 4072 521 4133 dixerunt
539 4076 690 4150 antiqui
702 4105 745 4118 -
758 4068 803 4135 id.
818 4091 852 4156 p.
870 4068 932 4135 110
945 4091 979 4134 v.
994 4072 1214 4147 intempestum’
1230 4100 1273 4114 -
1287 4086 1330 4130 ex

194 4232 390 4251 -3—

261 4342 282 4408 ¹)
305 4343 341 4395 nt
363 4342 474 4411 plenius
495 4342 601 4395 Paulus
624 4360 651 4411 p.
668 4346 718 4397 259
742 4342 865 4406 ‘Quando
886 4358 941 4395 cun
961 4343 1037 4409 pravi
1056 4356 1117 4393 voce
1142 4340 1330 4406 pronuntiatur,

194 4428 314 4495 tlpnifical
336 4431 417 4499 quod,
436 4432 591 4497 quonlam,
613 4434 643 4480 el
664 4434 710 4481 esl
727 4430 926 4482 coniunctio:
947 4427 1050 4493 quando
1067 4430 1144 4477 acuto
1165 4430 1270 4475 ucceulu
1292 4430 1332 4473 erl

196 4518 309 4579 leuporle
327 4516 501 4568 udoulium':
522 4520 554 4566 ut
576 4518 663 4567 totum
681 4528 791 4566 versum
811 4513 868 4578 (vel
885 4510 990 4579 plures)
1015 4510 1088 4577 opud
1109 4510 1223 4561 Festum
1245 4510 1330 4559 inter·

196 4596 288 4651 cidisse
308 4601 366 4653 iure
385 4600 418 4655 0.
436 4601 588 4653 Muellerus
605 4600 771 4666 suspicetur.

181 4703 184 4709 ‚
243 4690 359 4741 semen,
375 4692 438 4743 mou
453 4692 492 4734 uu
508 4694 551 4737 rao.
566 4692 626 4747 uuq.
1107 4682 1129 4745 ὁ
