3409 5409
252 569 257 579 .
332 514 394 579 140
748 530 887 577 rauvnr
911 530 969 577 vu.
993 531 1067 577 vru.

331 684 421 749 dato.
455 682 553 764 Quod
569 692 705 747 cauetur
719 682 851 769 quidem
873 682 972 747 ctiam
995 682 1067 767 lege
1084 680 1258 748 duodecim
1278 681 1480 755 tabularum,

226 869 228 875 Ι
329 795 441 851 tamen
452 794 538 852 recte
551 784 673 850 dicitur
684 794 717 850 et
726 784 797 849 iure
808 784 966 869 gentium,
979 783 1013 849 id
1025 792 1075 849 est
1085 784 1156 849 iure
1166 782 1309 850 naturali
1319 783 1353 849 id
1365 784 1480 850 elfici’

878 886 928 951 12.

414 988 577 1074 leianus
594 989 636 1053 fr.
652 988 733 1054 114.
755 988 836 1054 ‘Sub
859 988 921 1053 hac
943 988 1130 1055 conditione
1151 988 1236 1054 liber
1258 1010 1331 1053 esse
1348 988 1476 1053 iussus:

330 1092 383 1155 ‘si
405 1090 542 1156 decem
564 1089 676 1155 mIiia
696 1090 840 1155 heredi
862 1089 1054 1173 dederit’,
1078 1090 1139 1156 etsi
1154 1090 1197 1169 ab
1213 1088 1333 1155 herede
1353 1088 1477 1155 abalie-

330 1202 426 1257 natus
443 1193 503 1273 sit,
527 1193 667 1279 emptori
688 1191 797 1257 dando
818 1192 992 1278 pecuniam
1015 1193 1058 1257 ad
1080 1192 1266 1259 libertatem
1288 1192 1474 1279 perueniet:

330 1294 430 1382 idque
451 1293 507 1359 lex
529 1294 702 1360 duodecim
724 1292 913 1359 tabularum
935 1294 1050 1361 iubet!

750 1428 937 1496 TABVLA
957 1426 1053 1495 VIII.

415 1652 531 1719 Cicero
554 1652 594 1718 de
617 1650 756 1739 Republ.
780 1650 830 1715 IV
854 1650 893 1715 12
915 1651 982 1739 (sp.
1006 1650 1230 1735 Augustinum
1253 1649 1294 1715 de
1317 1649 1390 1716 Ciu.
1412 1651 1478 1716 Dei

330 1756 367 1823 ΙΙ
389 1754 434 1840 9).
457 1754 613 1819 ‘Nostrae
635 1762 750 1819 contra
772 1752 943 1817 duodecim
966 1752 1099 1819 tabulae
1122 1774 1196 1817 cum
1218 1774 1400 1839 perpaucas
1423 1776 1478 1818 res

330 1858 439 1943 capite
454 1856 657 1938 sanxissent,
674 1856 708 1919 in
723 1854 774 1919 his
789 1854 874 1919 hanc
889 1876 1016 1941 quoque
1033 1854 1244 1919 sanciendam
1259 1863 1477 1942 putauerunt:

275 2030 279 2036 ‚
330 1959 367 2023 si
402 1958 490 2045 quIs
536 1956 841 2023 occentauisset
881 1956 968 2021 siue
1008 1977 1166 2021 carmen
1205 1956 1478 2040 condidisset,

330 2059 665 2146 quod-infamiam
686 2056 844 2124 faceret
864 2058 1130 2143 flagitiumue
1151 2056 1304 2124 alteri.’

415 2160 579 2227 Cornutus
602 2161 645 2225 ad
667 2160 773 2225 Persii
795 2168 856 2225 sat.
879 2161 897 2226 Ι
921 2160 981 2226 123
1003 2183 1035 2247 p.
1058 2160 1121 2225 276
1144 2158 1238 2225 Iahn.
1263 2196 1306 2210 -
1329 2161 1499 2247 ‘propter'

330 2262 419 2350 quod
439 2262 514 2347 lege
534 2260 607 2327 XII
628 2260 816 2328 tabularum
837 2270 969 2327 cautum
991 2271 1056 2343 est,
1084 2270 1122 2327 ut
1150 2262 1295 2327 fustibus
1322 2261 1478 2327 feriretur

331 2367 387 2451 qui
409 2362 542 2452 publice
563 2364 804 2430 inuehebatur.’

401 2540 442 2589 12.
460 2538 628 2604 Pomponius
646 2536 772 2591 LXVIII
790 2536 826 2587 sd
839 2537 873 2600 Q.
887 2538 1017 2590 Mucium.
1035 2536 1070 2587 D.
1083 2538 1125 2601 40,
1140 2536 1164 2600 ⁷,
1178 2538 1239 2599 29§
1254 2540 1266 2588 1
1287 2536 1354 2589 ‘Sed
1366 2538 1478 2589 6661661-

331 2640 404 2674 mum
423 2626 479 2687 est,
499 2622 572 2689 quod
596 2626 625 2673 61
641 2621 734 2672 Aristo
753 2620 835 2673 Celso
858 2622 1014 2686 rescripsIt‚
1033 2636 1114 2687 posse
1139 2621 1199 2671 dari
1218 2624 1364 2689 pecuniam
1381 2622 1478 2674 heredi

332 2708 367 2758 ab
385 2709 535 2773 intestato,
554 2706 705 2759 secundum
723 2720 804 2771 quem
822 2707 962 2757 sententia
981 2706 1059 2757 dicta
1078 2711 1133 2757 est:
1153 2708 1282 2772 quoniam
1300 2707 1345 2758 lex
1363 2706 1478 2759 111116-

330 2792 456 2843 bularum
476 2791 660 2858 emptionis
677 2791 763 2842 uerbo
775 2806 883 2842 omnem
897 2790 1093 2842 alienationem
1108 2792 1251 2858 complexa
1263 2792 1407 2843 uideretur
1423 2808 1478 2844 666

330 2878 481 2929 interesset
498 2888 551 2941 quo
570 2892 672 2943 genere
691 2876 806 2941 quisque
826 2874 949 2926 dominus
968 2874 1028 2927 eius
1040 2874 1133 2941 lieret,
1152 2880 1181 2927 et
1198 2876 1260 2928 ideo
1278 2876 1477 2943 huncquoque

332 2979 366 3013 ea
383 2962 446 3027 lege
465 2961 610 3023 contineri,
630 2960 780 3013 secuudum
798 2975 880 3024 quem
898 2960 1038 3011 sententiis
1056 2960 1133 3011 diets
1151 2966 1201 3021 est,
1222 2966 1250 3013 et
1266 2961 1385 3013 liberum
1403 2963 1478 3014 futu-

331 3060 391 3096 rum
410 3062 472 3096 eum
490 3046 537 3111 qul
556 3047 583 3095 el
602 3045 725 3097 dedisset
742 3046 909 3110 pecuniam!
944 3044 1117 3096 Modestinus
1141 3045 1160 3097 1.
1183 3046 1222 3097 1x
1242 3045 1477 3101 differentiarum.

332 3130 371 3181 ib.
389 3132 422 3180 25
440 3129 638 3181 ‘Statuliberos
655 3128 810 3181 venundari
826 3144 908 3194 posse
927 3130 1002 3194 leges
1021 3129 1167 3181 duodecim
1185 3130 1342 3182 tabularum
1361 3137 1478 3199 putaue-

333 3218 416 3265 runt!
453 3216 490 3265 cf.
508 3216 609 3265 Festus
628 3230 654 3279 p.
673 3214 777 3265 31411.
796 3212 959 3264 Statuliber.

400 3299 469 3351 VIII
487 3302 512 3349 1.
531 3298 592 3352 Cic.
611 3298 693 3349 Ture.
711 3298 750 3349 IV
767 3301 794 3364 2,
812 3300 830 3348 4
848 3298 1030 3364 ‘Quamquam
1049 3298 1078 3349 id
1097 3298 1209 3363 quidem
1228 3301 1312 3351 etium
1330 3299 1477 3352 duodecim

251 3400 255 3405 ·
333 3383 448 3435 tabulae
467 3383 611 3434 declarant
628 3382 708 3433 condi
726 3384 782 3434 lam
799 3386 857 3433 tum
876 3382 988 3434 solitum
1007 3398 1068 3435 esse
1088 3398 1212 3435 carmen:
1235 3384 1307 3450 quod
1325 3398 1360 3435 ue
1379 3384 1480 3437 liceret
1553 3457 1561 3467 Ι

333 3469 394 3520 fieri
413 3469 448 3519 ad
467 3469 582 3520 alterins
600 3469 728 3520 iniuriam
746 3467 810 3535 legs
828 3470 1000 3519 sanxerunt)
1036 3468 1174 3521 Amoblus
1192 3470 1256 3520 adu.
1273 3474 1371 3535 gentes
1389 3470 1428 3519 IV
1445 3472 1479 3522 34

333 3554 464 3605 ‘Carmen
482 3553 583 3604 malum
602 3554 786 3615 conscribere,
806 3568 860 3619 quo
874 3552 950 3604 sams
963 3553 1078 3604 alterins
1092 3554 1286 3619 coinquinetur
1305 3559 1334 3605 et
1345 3556 1414 3619 uita,
1430 3554 1479 3607 de·

334 3640 530 3690 cemuiralibus
540 3640 619 3689 scitis
631 3638 751 3689 euadere
762 3639 891 3690 661616116
904 3640 1028 3705 impune3
1042 3654 1076 3689 sc
1088 3654 1124 3688 ne
1136 3642 1247 3690 uestras
1257 3654 1339 3689 sures
1354 3640 1478 3691 conuitio

334 3724 437 3787 reliquls
449 3722 635 3789 petulantiore
648 3723 787 3789 pulsaret,
801 3724 834 3774 de
847 3724 989 3774 atrocibus
1001 3722 1134 3775 formulas
1149 3724 1332 3774 constituistis
1346 3724 1478 3775 iniuriis!

334 3809 432 3859 Horat.
452 3806 511 3860 Sat.
524 3806 553 3857 11
571 3810 596 3871 1,
614 3810 646 3858 82
660 3822 718 3873 sqq.
738 3807 780 3858 ‘Si
797 3807 872 3858 mala
891 3808 1047 3860 condiderIt
1065 3808 1093 3858 in
1112 3823 1193 3872 quem
1211 3809 1272 3873 quis
1292 3809 1417 3859 carmina
1435 3810 1478 3861 ius

334 3898 378 3944 est
394 3891 585 3957 IudicIumque
605 3908 633 3941 :r
652 3892 733 3955 Esto,
752 3893 777 3942 si
795 3894 857 3958 qula
875 3892 963 3957 mala,
982 3893 1032 3945 sed
1049 3893 1122 3944 bona
1139 3893 1164 3945 si
1186 3894 1249 3958 quis
1267 3892 1364 3945 Iudice
1383 3892 1478 3944 condi-

333 3977 406 4029 16611
422 3976 552 4029 16616166
572 3975 713 4027 cassare?
737 3980 770 4028 si·
782 3978 845 4041 quis
867 3976 1027 4043 OpprobriIs
1052 3978 1163 4044 dignum
1181 3977 1352 4031 laeersuerit
1368 3979 1479 4043 integer

332 4064 411 4130 ipss?
431 4080 460 4113 :r
479 4060 627 4113 Soluentur
644 4062 702 4114 risu
719 4062 843 4126 tabulae,
861 4067 892 4113 tu
910 4064 1009 4115 mlssus
1028 4064 1139 4114 abibis)
1175 4062 1328 4129 Porphyrio
1347 4060 1383 4114 ad
1399 4078 1425 4113 6.
1444 4062 1477 4113 81

333 4148 493 4214 ‘Quialege
507 4152 618 4199 cautum
637 4152 710 4211 erat,
729 4163 764 4197 ue
783 4149 844 4213 quis
863 4148 892 4197 16
911 4162 1075 4212 quemquam
1093 4148 1260 4200 maledicum
1279 4162 1392 4199 carmen
1410 4148 1477 4199 scri·

332 4236 432 4287 beret)
456 4233 528 4285 Acro
547 4232 582 4282 sd
599 4247 625 4284 u.
644 4234 678 4283 83
695 4232 768 4283 ‘Hoc
786 4232 850 4298 lege
868 4232 922 4283 XII
940 4232 1096 4284 tabularum
1115 4236 1225 4285 cautum
1244 4236 1308 4285 est’
1343 4232 1479 4285 Horatius

332 4320 384 4385 Ep.
396 4320 425 4370 II
444 4321 468 4383 1,
489 4320 536 4371 toa
548 4332 607 4383 sqq.
626 4318 705 4383 ‘quia
724 4318 808 4369 etiam
824 4317 871 4368 lex
886 4316 1034 4383 Poenaque
1053 4318 1113 4369 lats
1129 4318 1202 4369 malo
1222 4334 1292 4384 quse
1310 4316 1400 4369 nollet
1418 4332 1477 4369 car·

332 4404 405 4455 mine
427 4418 592 4470 quemquam
610 4404 753 4455 Describit
771 4407 881 4454 uertere
900 4402 1008 4454 modum
1028 4402 1174 4455 formidine
1192 4404 1274 4455 fustis
1293 4402 1335 4453 Ad
1347 4404 1418 4455 1666
1437 4400 1479 4453 di·

333 4489 449 4539 cendum
467 4488 717 4553 delectandumque
728 4491 851 4555 poetae.'
870 4487 919 4538 ubi
931 4488 1083 4553 Porphyrio
1097 4488 1291 4539 '‘liustuarium
1311 4486 1478 4554 supplicium

334 4574 514 4628 coustitutum
533 4578 594 4627 erat
611 4574 640 4623 in
659 4578 799 4653 auctorem
818 4572 968 4625 carminum
987 4572 1152 4627 infamium)
1186 4572 1290 4625 Paulus
1304 4578 1373 4623 sent.
1386 4573 1411 4623 V
1423 4572 1479 4641 4,o
