3409 5409
341 462 389 509 nn
411 462 464 509 xu
485 462 700 513 rsnvnsavu
722 466 901 529 actiosus
925 468 1213 523 conssrrvnnms.
1290 460 1349 524 101

200 632 272 687 ecio.
297 628 327 686 ia
343 627 390 684 ius
404 624 512 683 ducito.
537 624 571 682 ai
583 623 747 684 iudicatum
758 624 839 698 socii
856 669 861 682 .
880 670 888 685 .
905 672 912 687 .
931 644 1030 689 seeum
1045 630 1153 691 discito.
1177 634 1284 693 vincito
1299 642 1352 693 out

200 745 293 789 nervo
308 735 361 789 cci
374 726 572 804 compedibus.
594 726 764 801 quindecim
777 729 878 804 pondo
892 746 930 789 ue
944 732 1057 791 eaoiore
1078 742 1131 792 oui
1150 736 1178 793 si
1198 738 1271 795 volet
1291 738 1350 795 mi-

200 849 275 892 nore
290 831 404 891 vincito.
427 831 456 888 si
468 830 544 889 volet
556 843 609 887 sao
623 830 717 888 vivito.
740 832 775 890 ni
786 848 840 891 suo
855 834 942 893 vivii.
957 877 964 891 .
980 832 1073 893 libros
1084 833 1186 908 serris
1197 836 1275 896 endo
1287 838 1350 899 dies

81 1016 86 1021 ⁸
200 934 284 995 doio.
305 935 333 993 si
346 934 420 993 ooiei
426 934 500 1007 pius
515 930 609 990 doio!
625 924 668 991 al.

286 1030 375 1096 Hinc
395 1038 506 1095 autem
526 1028 653 1117 fructus
675 1028 801 1117 aliquid
821 1030 1008 1099 redundare
1024 1034 1156 1101 videtur
1177 1034 1220 1099 ad
1240 1034 1348 1101 locum
1400 1088 1410 1097 .

200 1130 417 1199 multifariam
431 1140 588 1197 vexatum
599 1131 617 1196 I
629 1132 713 1196 7-9
729 1131 839 1216 (Rhot.
856 1133 900 1199 ad
915 1133 1059 1201 Herenn.
1076 1134 1111 1201 II
1130 1136 1180 1219 13,
1195 1136 1246 1201 20.
1272 1136 1348 1202 Gel-

199 1236 265 1302 lius
281 1233 385 1299 XVII
399 1234 429 1317 2,
447 1233 501 1320 10)
525 1240 711 1316 ‘nipupum
733 1240 764 1298 ia
785 1242 901 1300 comitio
916 1248 970 1301 oui
983 1244 1014 1301 im
1026 1242 1102 1327 soro
1113 1253 1182 1302 cate
1196 1244 1349 1305 meridiem

197 1358 325 1404 comem
349 1342 500 1401 coniciunt
517 1356 585 1401 eum
609 1348 756 1416 perorem
773 1342 860 1403 umbo
882 1350 1063 1419 praesentes.
1102 1345 1173 1405 Posi
1195 1346 1348 1406 meridiem

195 1446 356 1523 praesenti
360 1428 445 1503 'iiiem
461 1442 602 1502 addicito.
624 1442 676 1503 Sol
689 1459 749 1504 occ.
765 1460 851 1521 supr.
868 1452 955 1522 temp.
971 1450 1054 1509 esia’

287 1546 470 1607 ‘coniciunt’
488 1539 696 1626 (‘eomiiiunt')
712 1554 904 1609 constanter
919 1542 1019 1611 Gellii
1040 1544 1132 1611 libri:
1156 1552 1298 1611 ‘cnidio'
1320 1570 1346 1613 s.

198 1648 349 1711 ‘coriieiio’
365 1642 536 1730 (‘eomiiiio’)
552 1642 651 1710 Auct.
668 1644 712 1709 ad
728 1650 871 1711 Herenn.
909 1648 955 1712 At
974 1646 1098 1712 nullum
1121 1670 1163 1713 cx
1178 1647 1348 1715 codicibus

198 1746 385 1814 subsidium
403 1747 505 1814 habet
525 1750 687 1813 ‘eoasciio’
709 1747 797 1836 quod
816 1750 851 1813 in
866 1747 991 1815 Aldina
1006 1748 1106 1815 Gellii
1131 1750 1271 1837 primum
1291 1751 1347 1817 ob·

197 1852 290 1919 vium
307 1873 381 1915 cum
395 1850 542 1936 priorum
558 1850 748 1917 criticorum
760 1851 984 1942 compluribus
998 1850 1191 1916 Huschkius
1208 1854 1349 1941 arripuit

197 1956 233 2021 in
261 1956 290 2021 Ι.
318 1954 360 2021 G.
388 1952 557 2019 Huschkii
580 1953 702 2020 Annal.
729 1953 794 2019 litt.
819 1976 851 2041 p.
880 1954 950 2020 106.
988 1953 1076 2037 Quin
1102 1956 1185 2020 miro
1209 1954 1347 2021 consilio

197 2068 374 2143 utrumque
388 2055 530 2143 probare
544 2055 676 2122 videtur
689 2054 936 2123 Lachmannus:
960 2079 1037 2121 nam
1052 2056 1147 2123 aliter
1161 2058 1265 2144 accipi
1288 2058 1347 2125 vix

197 2168 355 2248 poterunt
375 2180 460 2247 quae
479 2158 523 2224 ad
538 2158 671 2224 Lucret.
686 2159 817 2226 notavit
830 2183 864 2247 p.
879 2159 943 2225 349
962 2158 1082 2227 ‘iudex
1097 2159 1183 2225 enim
1204 2160 1347 2226 conscit

197 2263 229 2328 h.
252 2286 281 2327 c.
301 2261 493 2347 cognoscit
518 2283 686 2344 caussam,
708 2282 783 2326 cum
802 2284 875 2327 cam
896 2268 1006 2349 partes
1027 2260 1239 2327 coniciunt:
1268 2284 1345 2347 qua-

197 2373 333 2451 propter
359 2386 401 2429 ex
426 2361 497 2427 XII
518 2360 640 2429 tabulis
667 2375 700 2429 et
728 2367 896 2429 “couscom
921 2370 1080 2430 consmio'’
1113 2374 1147 2429 et
1175 2364 1346 2429 usitatiora

198 2464 361 2534 vocabulo
377 2471 563 2531 “conicito’'
578 2463 718 2531 relatum
737 2465 895 2551 legimus,
916 2466 993 2552 quia
1012 2475 1188 2553 utrumque
1211 2467 1345 2531 coniun-

197 2580 288 2637 ctum
302 2574 378 2634 est?
400 2566 524 2633 Verum
538 2577 713 2655 utrumque
727 2568 756 2632 si
771 2566 850 2655 quid
867 2566 963 2634 video
979 2566 1193 2633 reiiciendum
1208 2576 1273 2633 est:
1296 2567 1344 2633 id·

198 2693 260 2758 que
280 2669 425 2735 maxime
444 2669 588 2735 efficitur
606 2669 758 2754 neglecto
782 2670 891 2736 adhuc
910 2670 1043 2737 Afranii
1064 2670 1266 2753 testimonio,
1288 2672 1345 2759 qui

197 2773 283 2841 hanc
297 2772 404 2859 legem
419 2772 566 2858 respexit
580 2772 614 2836 in
628 2770 816 2837 Materteris
832 2796 865 2838 v.
881 2772 944 2837 216
960 2772 999 2837 R.
1018 2782 1182 2837 ‘causam
1197 2779 1345 2838 coicere
1409 2805 1412 2812 ·

197 2882 285 2941 hodie
304 2879 349 2939 od
367 2886 394 2939 ie
414 2880 486 2937 noio.
505 2911 548 2921 -
568 2878 703 2937 Amica
724 2874 890 2939 adestis?
914 2911 949 2923 —
975 2878 1170 2951 Profuturos
1190 2878 1343 2939 arbitror!

197 2978 286 3044 Hinc
299 2976 402 3064 igitur
417 2985 506 3041 certo
527 2974 747 3061 intellegimus
770 2976 811 3043 de
837 2998 1008 3041 caussae
1022 2976 1289 3067 ,coniectione
1310 2966 1344 3040 in

196 3078 270 3167 lege
285 3100 467 3145 sermonem
483 3098 571 3161 esse,
593 3100 633 3144 ac
652 3078 795 3143 iudicem
816 3100 906 3161 esse,
928 3078 977 3143 ad
999 3100 1096 3167 quem
1116 3099 1235 3143 caussa
1256 3078 1343 3143 coni·

198 3182 318 3266 cietur,
341 3180 398 3269 qui
418 3180 578 3262 coniciet,
599 3178 808 3266 litigatorem.
846 3180 890 3245 cf.
906 3180 1033 3247 Gellius
1049 3179 1081 3245 V
1099 3180 1155 3262 10,
1171 3180 1192 3244 9
1213 3189 1259 3244 ‘et
1278 3200 1345 3244 cum

198 3289 241 3349 ud
263 3289 378 3351 iudices
402 3286 606 3347 coniiciaudoe
635 3282 855 3365 [consulendae
876 3280 1142 3366 (eonscieudceque
1162 3280 1343 3347 Lachman-

197 3386 292 3473 nus)]
307 3408 417 3452 causae
428 3390 533 3465 pratia
547 3389 706 3449 venissent.
715 3390 737 3447 ‚⁹
759 3384 838 3470 Dig.
850 3385 904 3467 50,
919 3383 999 3467 17,1
1017 3386 1088 3447 ‘Per
1101 3390 1238 3461 sepulum
1253 3389 1345 3461 ipimr

197 3491 293 3554 meru
303 3509 406 3553 rerum
417 3494 555 3551 namatio
566 3490 741 3561 meditaret,
751 3496 784 3549 ai
792 3489 980 3563 ciiSubinus,
987 3490 1076 3564 quusi
1084 3490 1344 3549 eousoeeoaieeiio

197 3602 248 3671 esi,
265 3640 273 3655 .
291 3641 298 3655 .
316 3640 323 3655 .
338 3610 416 3671 quoe
429 3595 519 3655 amul
531 3609 598 3652 cum
612 3594 645 3652 im
659 3594 759 3667 aliquo
774 3593 877 3651 vitiato
891 3599 947 3665 esi,
966 3590 1069 3667 perdit
1081 3589 1215 3665 officiium
1234 3594 1342 3651 saum?

198 3692 362 3760 Asconius
377 3714 508 3780 person.
524 3691 567 3755 erl
583 3689 652 3756 cie.
663 3690 758 3756 Verr.
773 3689 790 3754 I
806 3690 836 3772 9,
851 3688 893 3754 26
908 3713 940 3777 p.
955 3688 1016 3754 164
1027 3689 1085 3754 Or.
1108 3688 1212 3754 Gaius
1225 3684 1274 3751 IV
1293 3688 1342 3753 15.

197 3793 313 3881 Itaque
335 3793 468 3861 diversa
488 3792 670 3859 confundat
690 3792 719 3857 si
740 3794 813 3880 quis
834 3815 909 3857 cum
924 3791 1095 3858 Dirkseno
1117 3789 1256 3877 aliisque
1277 3814 1344 3855 ser·

199 3918 281 3962 vans
297 3903 444 3963 ‘conicito'
460 3896 505 3961 ad
514 3896 743 3981 magistratum
753 3893 795 3959 de
806 3916 871 3983 quo
884 3894 1031 3981 sequitur
1042 3898 1196 3958 ‘addicito'
1209 3890 1342 3959 referat.

199 3996 253 4062 Ad
267 3996 434 4085 litigantes
451 4008 560 4064 autem
575 4019 649 4062 cum
664 3998 729 4061 iam
743 3993 967 4062 revocandum
983 3996 1044 4078 sit,
1056 3996 1112 4082 qui
1128 3994 1260 4081 quidem
1276 3994 1342 4061 duo

200 4095 320 4166 diserte
345 4100 588 4187 significantur,
614 4097 791 4183 singularis
812 4097 946 4163 tolerari
966 4096 1091 4184 nequit.
1128 4096 1238 4179 Quare
1258 4119 1343 4162 unus

200 4196 347 4287 Scaliger
371 4202 415 4268 ad
439 4202 530 4268 Fest.
556 4224 590 4265 v.
614 4199 744 4286 plorare
769 4221 884 4265 verum
910 4207 1079 4265 assecutus
1105 4210 1156 4264 eet
1181 4222 1223 4263 ex
1243 4196 1343 4264 Gellii

200 4306 370 4370 ‘coniciunt’
397 4304 545 4369 efficiens
566 4307 772 4365 ‘coniciamo':
797 4300 862 4365 nisi
885 4300 975 4387 quod
994 4304 1162 4365 ‘coiciamio'
1184 4300 1290 4385 magis
1310 4314 1344 4366 ct

200 4402 333 4470 Afranii
349 4406 422 4473 loco
443 4415 476 4470 et
501 4402 698 4491 optimorum
718 4401 813 4466 Rhet.
835 4402 877 4465 ad
898 4402 979 4467 Har.
999 4402 1156 4468 librorum
1177 4402 1342 4491 scriptura

200 4508 329 4573 ‘curtio’
344 4506 599 4575 commendatur.
620 4502 673 4568 Dc
688 4524 753 4589 qua
768 4502 934 4569 scribendi
949 4504 1077 4571 ratione
1097 4503 1141 4571 cf.
1157 4502 1338 4573 Oorssenus
