3409 5409
328 477 369 540 86
742 489 854 536 curru
878 488 1056 550 starvu.

328 646 527 732 accipiamus
541 666 607 709 non
621 644 704 732 pati:
727 666 768 709 ne
790 643 876 711 ratio
899 642 1032 730 quidem
1053 643 1194 729 patitur,
1215 642 1280 707 nisi
1303 641 1389 708 forte
1404 662 1482 729 pro

327 746 439 815 babile
465 746 565 811 ducas
586 744 732 813 radicem
752 745 897 832 aliquam
919 766 1027 810 secum
1049 744 1153 832 ipsam
1175 744 1336 831 componi.
1367 745 1482 830 Atque

328 875 367 917 co
383 872 512 938 quoque
532 847 620 913 uude
639 847 780 934 profecti
803 870 914 911 sumus
931 846 1030 911 Plinii
1052 845 1122 913 loco
1138 869 1204 913 non
1221 850 1396 911 ‘arduitur’
1413 845 1483 931 pri·

328 953 428 1017 mitus
443 951 522 1032 fuit,
545 950 603 1015 sed
620 955 835 1016 ‘arduuitur‘:
857 972 921 1037 quo
942 949 1032 1014 ducit
1054 958 1184 1035 practer
1206 948 1365 1013 disertum
1382 946 1482 1013 Tole-

329 1054 399 1120 tani
411 1052 786 1119 testimonium‘duuitnr’
795 1053 981 1117 coniectura
989 1050 1208 1131 fortasse,sed
1219 1038 1301 1115 vera
1313 1048 1482 1131 effectum,

330 1156 506 1241 praecipue
521 1155 678 1217 mendosa
693 1154 799 1219 Paris
814 1176 864 1240 pr.
882 1176 923 1217 m.
940 1164 972 1218 et
988 1150 1188 1219 Cliisfletiani
1204 1152 1369 1239 scriptura
1381 1156 1484 1215 ‘diut-

330 1261 435 1321 ditur.'
451 1256 560 1337 ,Quae
585 1277 637 1321 res
663 1277 743 1320 sane
769 1268 949 1320 memoratu
972 1254 1165 1339 dignissima
1191 1266 1256 1336 est,
1284 1255 1484 1340 praesertim

331 1381 405 1423 cum
419 1359 486 1423 ism
497 1356 606 1423 Plauti
622 1365 730 1423 aetate
745 1356 970 1444 productionis
984 1357 1018 1419 in
1033 1358 1106 1421 istis
1122 1356 1236 1421 formis
1248 1354 1376 1421 nullum
1388 1364 1484 1421 exiet

330 1460 519 1545 vestigium.
549 1458 591 1523 cf.
608 1459 682 1524 cas.
701 1458 787 1541 118,
805 1460 847 1523 43
870 1465 911 1523 ‘ei
929 1481 986 1537 epo
1007 1478 1120 1523 omrem
1136 1478 1266 1522 umorem
1285 1478 1382 1522 meum
1403 1478 1481 1523 cou-

330 1565 454 1627 credui'
474 1600 507 1609 —
527 1582 601 1624 nam
615 1561 732 1625 horum
747 1584 876 1647 quoquc
893 1560 1069 1627 verbosum
1080 1559 1216 1625 eandem
1232 1582 1304 1624 esso
1318 1560 1482 1625 rationem

333 1664 368 1726 in
382 1674 497 1750 aperto
513 1673 573 1728 est.
602 1665 713 1749 Atque
728 1685 770 1727 ex
787 1663 904 1727 Plauto
925 1671 1055 1748 praeter
1075 1662 1110 1725 id
1130 1661 1218 1747 quod
1238 1683 1338 1748 supra
1358 1682 1481 1728 memo·

331 1765 404 1828 ravi
430 1765 615 1851 exemplum
641 1766 706 1831 iam
733 1788 772 1831 ea
792 1786 920 1851 quoque
941 1773 1012 1829 tuto
1033 1763 1097 1829 huc
1117 1764 1303 1829 revocanda
1325 1774 1418 1843 sunt,
1446 1764 1481 1827 in

332 1866 452 1952 quibus
485 1875 575 1929 recte
601 1866 690 1932 God.
715 1866 924 1931 Hermannus
951 1867 1098 1931 futurum
1124 1876 1157 1930 et
1189 1866 1389 1952 perfectum,
1415 1885 1482 1929 non

333 1988 488 2053 praesens
504 1969 654 2052 agnovit:
672 1967 767 2053 Capi.
786 1967 839 2031 ΙΙΙ
854 1970 884 2050 5,
902 1969 942 2031 :m
959 1972 1102 2043 ‘Quando
1122 1988 1175 2047 epo
1196 1978 1223 2031 tc
1244 1974 1389 2047 euemptis
1403 1986 1481 2047 pes.-

332 2074 424 2133 sumis
437 2075 615 2133 cruciavero
636 2074 730 2147 Atque
744 2074 779 2132 oo
794 2077 905 2133 sutetus
920 2082 987 2133 turus
1008 2080 1035 2133 te
1050 2077 1137 2134 morti
1156 2077 1278 2147 misero,
1309 2074 1362 2133 Vei
1381 2080 1408 2133 te
1429 2075 1480 2132 iu-

333 2176 435 2235 terisse
455 2179 502 2236 rel
518 2178 634 2251 perisse
651 2176 842 2251 praedicent,
868 2176 943 2235 lirum
961 2192 1083 2251 percus,
1104 2174 1180 2235 rriiril
1200 2176 1377 2237 interduo
1397 2176 1484 2235 uiuat

334 2279 454 2338 umere?
487 2273 562 2338 Aul.
579 2273 632 2338 111
647 2274 685 2355 5,
700 2274 743 2337 49
765 2278 882 2348 ‘Fides
905 2281 1011 2338 novisti
1031 2294 1076 2337 me
1096 2284 1125 2337 et
1138 2293 1193 2351 epo
1207 2284 1251 2337 te:
1271 2294 1345 2339 euve
1365 2280 1406 2338 sis
1421 2276 1482 2349 tibi,

334 2378 377 2439 Ne
393 2376 452 2461 [tu]
470 2382 501 2439 ia
522 2382 756 2439 meiumutcssis
775 2396 896 2457 riomcrr,
917 2383 945 2439 si
962 2382 1017 2441 troc
1037 2380 1272 2441 concreduo?
1302 2376 1424 2463 Amph.
1446 2372 1483 2441 ΙΙ

333 2476 364 2558 2,
381 2477 425 2542 40
439 2484 608 2541 ε1111111111
623 2499 746 2557 cepero,
770 2484 937 2557 d'uruquum
953 2483 1061 2557 edepol
1080 2489 1110 2542 tu
1131 2482 1205 2541 milri
1218 2484 1313 2543 diuini
1331 2481 1483 2543 creduis

329 2591 399 2659 post
412 2584 493 2644 dunc
507 2586 601 2659 diem,
619 2585 659 2643 m·
670 2601 725 2657 cuo
739 2586 785 2643 itti
796 2590 884 2659 puteo
891 2628 900 2661 ‚
916 2586 944 2645 si
955 2600 1092 2661 occepso,
1110 2587 1241 2645 animam
1256 2601 1369 2645 omnem
1385 2586 1483 2643 iuter-

333 2690 481 2759 trcxero',
497 2682 615 2768 quibus
631 2679 718 2745 addo
734 2682 830 2749 Truc.
844 2680 879 2746 ΙΙ
894 2682 924 2763 2,
939 2684 979 2745 51
996 2691 1170 2761 ‘rrrrmquum
1184 2687 1290 2763 edepol
1303 2687 1378 2747 ruilu'
1392 2686 1482 2757 (iuis-

334 2802 424 2862 quum
438 2787 524 2847 1111110
538 2789 671 2847 mortuiis
688 2788 814 2862 posthoc
833 2790 964 2847 diturum
985 2804 1086 2849 rerum
1108 2788 1268 2863 eruduit,
1291 2788 1331 2849 m·
1348 2790 1405 2849 istu
1428 2802 1484 2862 epo

334 2896 433 2955 vestro
447 2904 500 2949 ero
513 2892 623 2949 tuciori
632 2891 718 2964 foetu
734 2891 965 2949 denurruver·o.'

420 2987 459 3051 In
484 2989 602 3051 ceteris
629 2996 842 3074 actamquae
863 2986 952 3073 apud
972 2988 1126 3079 Plautum
1147 2988 1292 3075 aliosque
1312 2986 1484 3053 inveniun-

335 3101 405 3169 tur,
434 3111 573 3175 quorum
599 3089 799 3175 paucissima
824 3098 951 3155 tantum
977 3090 1186 3155 Hermannus
1216 3089 1342 3172 attulit,
1372 3099 1484 3155 utrum

333 3190 474 3276 perfecti
495 3213 536 3255 an
551 3192 735 3278 praesentis
750 3192 981 3257 coniunctivus
1002 3191 1228 3277 intellegatur,
1250 3192 1309 3259 vix
1329 3213 1484 3278 umquam

338 3292 506 3358 diiudices.
551 3293 636 3358 Nam
663 3303 700 3357 ut
725 3315 804 3358 sane
830 3291 913 3357 nihil
945 3293 1071 3376 obstat,
1098 3296 1271 3380 quominus
1301 3294 1484 3381 perfectum

336 3404 520 3461 statuamus
536 3395 722 3461 intralibus:
749 3403 837 3459 ‘rium
852 3400 933 3475 uirod
946 3400 1030 3460 dedit
1044 3408 1103 3460 111111
1119 3402 1202 3461 duim
1217 3417 1305 3475 quiam
1325 3399 1482 3475 perduim’

336 3495 413 3562 Aul.
428 3498 477 3561 IV
492 3497 524 3579 6,
540 3500 570 3561 o.
608 3501 709 3561 ‘etum
724 3510 754 3561 tu
769 3518 810 3560 cn
824 3518 983 3575 exurrpure
999 3506 1113 3563 ciccum
1128 3518 1187 3563 corr
1202 3503 1379 3563 interduim’
1396 3497 1484 3562 Rud.

336 3600 372 3665 ΙΙ
388 3599 418 3680 l,
434 3598 492 3682 223
508 3599 550 3663 of.
567 3600 660 3663 Trin.
677 3599 726 3664 IV
741 3601 773 3680 2,
792 3600 862 3663 152.
886 3604 929 3663 ‘tu
943 3605 1017 3663 mitri
1030 3605 1186 3665 triobolum
1205 3605 1245 3665 01
1261 3621 1327 3665 eom
1342 3622 1379 3665 ue
1394 3605 1484 3675 duis’,

336 3699 423 3764 Rud.
439 3699 470 3764 V
486 3700 515 3781 3,
534 3700 588 3782 12,
611 3703 654 3764 cl‘.
671 3700 865 3786 dapsili,
883 3701 934 3764 81.
955 3700 986 3765 V
1002 3703 1037 3783 2,
1052 3703 1106 3766 27.
1137 3708 1264 3769 ‘Mirtum
1284 3707 1365 3783 quod
1383 3708 1433 3765 isti
1446 3706 1487 3765 m·

336 3808 477 3881 Deaeque
495 3823 595 3867 omrres
614 3808 716 3865 duim’
738 3800 838 3866 Most.
856 3802 909 3865 III
934 3806 965 3884 l,
990 3803 1059 3868 125.
1090 3804 1166 3869 Ter.
1183 3804 1314 3871 Phorm.
1331 3806 1402 3871 946.
1434 3802 1484 3869 Pl.

338 3905 431 3971 Trin.
446 3902 534 3986 114,
550 3904 592 3969 35
608 3902 650 3967 al.
681 3907 831 3982 ‘Iuppiter
851 3913 879 3967 te
896 3909 1035 3983 perduit'
1056 3905 1153 3992 Epid.
1171 3908 1187 3973 Ι
1205 3908 1239 3987 1,
1256 3908 1298 3971 64
1317 3910 1360 3971 ol'.
1383 3906 1482 3972 Poen.

337 4006 392 4071 III
411 4006 450 4088 t,
471 4007 513 4069 30
532 4004 575 4068 al.
605 4008 657 4068 ‘ut
681 4018 709 4069 te
723 4009 887 4085 perduint'
911 4006 1025 4073 Cicero
1048 4030 1079 4095 p.
1096 4008 1199 4073 Dciot
1220 4010 1324 4090 1,11.
1356 4014 1485 4072 ‘utinum

338 4113 391 4173 titi
404 4114 490 4171 istum
505 4122 629 4171 mersum
641 4110 681 4170 m·
694 4112 874 4171 immortates
889 4112 991 4173 duiut’
1008 4108 1053 4173 id.
1069 4109 1102 4173 in
1115 4110 1212 4175 Catil.
1226 4110 1284 4192 19,
1296 4110 1353 4193 223
1369 4108 1484 4175 cf.Ta·

337 4209 421 4275 citus
437 4210 524 4273 Anu.
541 4208 591 4273 IV
611 4208 653 4273 38
667 4246 710 4255 -
731 4206 819 4272 haud
839 4231 933 4275 secus
955 4232 994 4275 ac
1014 4210 1135 4277 dicitur
1150 4216 1208 4275 ‘lii
1219 4218 1344 4277 meliora
1360 4216 1483 4288 suciut’

337 4334 364 4375 s.
391 4314 443 4374 ‘Di
470 4316 619 4374 mouerint
648 4316 774 4375 meliora
803 4322 893 4391 atque
917 4318 1078 4378 amentiam
1107 4319 1351 4379 cueruuccssint
1385 4318 1484 4376 trram’

336 4412 536 4499 Pacuuap.
558 4411 698 4478 Paulum
717 4435 750 4500 p.
772 4414 835 4479 373
850 4436 907 4479 -ε
930 4414 978 4481 ita
993 4414 1070 4480 Aul.
1091 4415 1107 4480 I
1130 4418 1143 4479 l
1154 4464 1163 4499 ,
1185 4414 1226 4481 23
1248 4420 1412 4495 ‘Nimisque
1431 4436 1486 4494 epo

337 4520 418 4580 hunc
436 4524 532 4581 metuo
550 4522 630 4582 necte
657 4520 702 4581 Ne
726 4522 858 4582 mihies
877 4520 994 4583 insidiis
1013 4522 1104 4583 uerba
1125 4522 1309 4600 imprudenti
1326 4522 1392 4585 duit
1420 4521 1486 4585 Neu
