<?xml version="1.0" encoding="UTF-8"?>
<!DOCTYPE html PUBLIC "-//W3C//DTD XHTML 1.0 Transitional//EN"
    "http://www.w3.org/TR/xhtml1/DTD/xhtml1-transitional.dtd">
<html xmlns="http://www.w3.org/1999/xhtml" xml:lang="en" lang="en">
 <head>
  <title>
</title>
<meta http-equiv="Content-Type" content="text/html;charset=utf-8" />
  <meta name='ocr-system' content='tesseract 3.04.00' />
  <meta name='ocr-capabilities' content='ocr_page ocr_carea ocr_par ocr_line ocrx_word'/>
</head>
<body>
  <div class='ocr_page' id='page_1' title='image "./legisdvodecimta01schgoog_0053.png"; bbox 0 0 3409 5409; ppageno 0'>
   <div class='ocr_carea' id='block_1_1' title="bbox 378 520 1109 584">
    <p class='ocr_par' dir='ltr' id='par_1_1' title="bbox 378 520 1109 584">
     <span class='ocr_line' id='line_1_1' title="bbox 378 520 1109 584; baseline -0.003 0"><span class='ocrx_word' id='word_1_1' title='bbox 378 520 421 584; x_wconf 88' lang='lat'><em>36</em></span> <span class='ocrx_word' id='word_1_2' title='bbox 764 552 769 563; x_wconf 92' lang='lat'>·</span> <span class='ocrx_word' id='word_1_3' title='bbox 796 534 910 583; x_wconf 76' lang='lat' dir='ltr'><em>aneon</em></span> <span class='ocrx_word' id='word_1_4' title='bbox 932 533 1109 583; x_wconf 79' lang='lat' dir='ltr'><em>saruavu.</em></span> 
     </span>
    </p>
   </div>
   <div class='ocr_carea' id='block_1_2' title="bbox 376 686 1559 1081">
    <p class='ocr_par' dir='ltr' id='par_1_2' title="bbox 376 686 1559 1081">
     <span class='ocr_line' id='line_1_2' title="bbox 379 686 1542 774; baseline 0.001 -22"><span class='ocrx_word' id='word_1_5' title='bbox 379 686 539 769; x_wconf 85' lang='lat' dir='ltr'><em>seribere,</em></span> <span class='ocrx_word' id='word_1_6' title='bbox 563 688 616 752; x_wconf 86' lang='lat' dir='ltr'><em>eui</em></span> <span class='ocrx_word' id='word_1_7' title='bbox 639 688 723 751; x_wconf 84' lang='lat' dir='ltr'><em>hsee&#39;</em></span> <span class='ocrx_word' id='word_1_8' title='bbox 739 686 901 753; x_wconf 82' lang='lat' dir='ltr'><strong>debentur</strong></span> <span class='ocrx_word' id='word_1_9' title='bbox 921 710 953 774; x_wconf 90' lang='lat' dir='ltr'><em>p.</em></span> <span class='ocrx_word' id='word_1_10' title='bbox 969 688 1031 753; x_wconf 83' lang='lat'><em>351</em></span> <span class='ocrx_word' id='word_1_11' title='bbox 1049 693 1146 752; x_wconf 81' lang='lat' dir='ltr'><em>‘Bene</em></span> <span class='ocrx_word' id='word_1_12' title='bbox 1165 694 1281 768; x_wconf 79' lang='lat' dir='ltr'><em>sponsis</em></span> <span class='ocrx_word' id='word_1_13' title='bbox 1294 693 1443 766; x_wconf 79' lang='lat' dir='ltr'><em>beneque</em></span> <span class='ocrx_word' id='word_1_14' title='bbox 1469 695 1542 753; x_wconf 78' lang='lat' dir='ltr'><em>sola</em></span> 
     </span>
     <span class='ocr_line' id='line_1_3' title="bbox 377 790 1557 877; baseline 0.001 -24"><span class='ocrx_word' id='word_1_15' title='bbox 377 790 453 877; x_wconf 86' lang='lat' dir='ltr'><em>ris¹)</em></span> <span class='ocrx_word' id='word_1_16' title='bbox 469 797 500 853; x_wconf 88' lang='lat' dir='ltr'><em>in</em></span> <span class='ocrx_word' id='word_1_17' title='bbox 511 797 687 870; x_wconf 80' lang='lat' dir='ltr'><em>precatione</em></span> <span class='ocrx_word' id='word_1_18' title='bbox 701 796 845 868; x_wconf 81' lang='lat' dir='ltr'><em>aupurati</em></span> <span class='ocrx_word' id='word_1_19' title='bbox 860 794 1003 854; x_wconf 80' lang='lat' dir='ltr'><em>Messalla</em></span> <span class='ocrx_word' id='word_1_20' title='bbox 1018 812 1119 869; x_wconf 75' lang='lat' dir='ltr'><em>aupur</em></span> <span class='ocrx_word' id='word_1_21' title='bbox 1133 798 1177 854; x_wconf 89' lang='lat' dir='ltr'><em>ait</em></span> <span class='ocrx_word' id='word_1_22' title='bbox 1196 798 1369 869; x_wconf 74' lang='lat' dir='ltr'><em>siqnificare</em></span> <span class='ocrx_word' id='word_1_23' title='bbox 1393 810 1557 871; x_wconf 82' lang='lat' dir='ltr'><em>spopon-</em></span> 
     </span>
     <span class='ocr_line' id='line_1_4' title="bbox 377 891 1559 978; baseline -0.001 -22"><span class='ocrx_word' id='word_1_24' title='bbox 377 896 473 974; x_wconf 84' lang='lat' dir='ltr'><em>deris,</em></span> <span class='ocrx_word' id='word_1_25' title='bbox 489 899 633 957; x_wconf 83' lang='lat' dir='ltr'><em>uolueris&#39;</em></span> <span class='ocrx_word' id='word_1_26' title='bbox 649 900 682 957; x_wconf 93' lang='lat' dir='ltr'><em>et</em></span> <span class='ocrx_word' id='word_1_27' title='bbox 696 896 836 973; x_wconf 80' lang='lat' dir='ltr'><em>‘serpula</em></span> <span class='ocrx_word' id='word_1_28' title='bbox 858 899 1002 972; x_wconf 80' lang='lat' dir='ltr'><em>serpserit</em></span> <span class='ocrx_word' id='word_1_29' title='bbox 1015 891 1092 978; x_wconf 84' lang='lat' dir='ltr'><em>(leg.</em></span> <span class='ocrx_word' id='word_1_30' title='bbox 1108 899 1218 973; x_wconf 85' lang='lat' dir='ltr'><em>serpsit</em></span> <span class='ocrx_word' id='word_1_31' title='bbox 1227 891 1275 978; x_wconf 66' lang='grc'><em>2))</em></span> <span class='ocrx_word' id='word_1_32' title='bbox 1290 899 1335 956; x_wconf 87' lang='lat' dir='ltr'><em>ait</em></span> <span class='ocrx_word' id='word_1_33' title='bbox 1346 897 1443 957; x_wconf 84' lang='lat' dir='ltr'><em>idem</em></span> <span class='ocrx_word' id='word_1_34' title='bbox 1463 897 1559 956; x_wconf 84' lang='lat' dir='ltr'><em>Mes·</em></span> 
     </span>
     <span class='ocr_line' id='line_1_5' title="bbox 376 1000 1361 1081; baseline -0.001 -23"><span class='ocrx_word' id='word_1_35' title='bbox 376 1000 834 1081; x_wconf 29' lang='lat' dir='ltr'><em>salletas-rpensinrepseritl&#39;</em></span> <span class='ocrx_word' id='word_1_36' title='bbox 1357 1029 1361 1035; x_wconf 87' lang='lat'><strong>·</strong></span> 
     </span>
    </p>
   </div>
   <div class='ocr_carea' id='block_1_3' title="bbox 325 1252 1578 1829">
    <p class='ocr_par' dir='ltr' id='par_1_3' title="bbox 325 1252 1578 1829">
     <span class='ocr_line' id='line_1_6' title="bbox 447 1252 1556 1319; baseline -0.002 -14"><span class='ocrx_word' id='word_1_37' title='bbox 447 1253 468 1319; x_wconf 91' lang='lat'><em>¹)</em></span> <span class='ocrx_word' id='word_1_38' title='bbox 494 1255 623 1305; x_wconf 78' lang='lat' dir='ltr'><em>‘volueris’</em></span> <span class='ocrx_word' id='word_1_39' title='bbox 645 1252 704 1305; x_wconf 85' lang='lat' dir='ltr'><em>oud.</em></span> <span class='ocrx_word' id='word_1_40' title='bbox 724 1252 794 1319; x_wconf 88' lang='lat' dir='ltr'><em>quod</em></span> <span class='ocrx_word' id='word_1_41' title='bbox 813 1255 897 1305; x_wconf 81' lang='lat' dir='ltr'><em>‘volis’</em></span> <span class='ocrx_word' id='word_1_42' title='bbox 922 1253 1042 1304; x_wconf 86' lang='lat' dir='ltr'><em>mutavit</em></span> <span class='ocrx_word' id='word_1_43' title='bbox 1064 1253 1097 1304; x_wconf 93' lang='lat'><em>0.</em></span> <span class='ocrx_word' id='word_1_44' title='bbox 1116 1253 1267 1304; x_wconf 81' lang='lat' dir='ltr'><em>Muellerus</em></span> <span class='ocrx_word' id='word_1_45' title='bbox 1285 1254 1483 1305; x_wconf 85' lang='lat' dir='ltr'><em>Priscianum</em></span> <span class='ocrx_word' id='word_1_46' title='bbox 1502 1268 1556 1317; x_wconf 84' lang='lat' dir='ltr'><em>¹se·</em></span> 
     </span>
     <span class='ocr_line' id='line_1_7' title="bbox 380 1336 1555 1404; baseline -0.001 -15"><span class='ocrx_word' id='word_1_47' title='bbox 380 1343 459 1389; x_wconf 83' lang='lat' dir='ltr'><em>cutus</em></span> <span class='ocrx_word' id='word_1_48' title='bbox 482 1354 509 1404; x_wconf 91' lang='lat' dir='ltr'><em>p.</em></span> <span class='ocrx_word' id='word_1_49' title='bbox 528 1340 578 1391; x_wconf 85' lang='grc'><em>848</em></span> <span class='ocrx_word' id='word_1_50' title='bbox 597 1339 627 1391; x_wconf 90' lang='grc' dir='ltr'><em>Ρ.</em></span> <span class='ocrx_word' id='word_1_51' title='bbox 646 1336 677 1403; x_wconf 90' lang='lat'><em>(1</em></span> <span class='ocrx_word' id='word_1_52' title='bbox 695 1354 721 1404; x_wconf 93' lang='lat' dir='ltr'><em>p.</em></span> <span class='ocrx_word' id='word_1_53' title='bbox 740 1338 791 1389; x_wconf 81' lang='grc'><em>456</em></span> <span class='ocrx_word' id='word_1_54' title='bbox 813 1337 881 1399; x_wconf 78' lang='grc' dir='ltr'><strong>Η.);</strong></span> <span class='ocrx_word' id='word_1_55' title='bbox 904 1338 952 1389; x_wconf 90' lang='lat' dir='ltr'><em>ubi</em></span> <span class='ocrx_word' id='word_1_56' title='bbox 976 1343 1069 1399; x_wconf 80' lang='lat' dir='ltr'><em>tamen</em></span> <span class='ocrx_word' id='word_1_57' title='bbox 1094 1342 1122 1388; x_wconf 90' lang='lat' dir='ltr'><em>et</em></span> <span class='ocrx_word' id='word_1_58' title='bbox 1144 1340 1250 1390; x_wconf 79' lang='lat' dir='ltr'><em>‘aelim’</em></span> <span class='ocrx_word' id='word_1_59' title='bbox 1272 1339 1344 1389; x_wconf 89' lang='lat' dir='ltr'><em>idem</em></span> <span class='ocrx_word' id='word_1_60' title='bbox 1369 1354 1444 1389; x_wconf 78' lang='lat' dir='ltr'><em>esse</em></span> <span class='ocrx_word' id='word_1_61' title='bbox 1474 1336 1555 1404; x_wconf 77' lang='lat' dir='ltr'><em>qnod</em></span> 
     </span>
     <span class='ocr_line' id='line_1_8' title="bbox 381 1421 1555 1489; baseline -0.003 -15"><span class='ocrx_word' id='word_1_62' title='bbox 381 1425 474 1475; x_wconf 83' lang='lat' dir='ltr'><em>‘aelim’</em></span> <span class='ocrx_word' id='word_1_63' title='bbox 494 1424 594 1473; x_wconf 87' lang='lat' dir='ltr'><em>dieitur</em></span> <span class='ocrx_word' id='word_1_64' title='bbox 613 1427 640 1474; x_wconf 91' lang='lat' dir='ltr'><em>et</em></span> <span class='ocrx_word' id='word_1_65' title='bbox 657 1424 719 1489; x_wconf 87' lang='lat' dir='ltr'><em>ipsa</em></span> <span class='ocrx_word' id='word_1_66' title='bbox 738 1422 827 1473; x_wconf 81' lang='lat' dir='ltr'><em>ianua</em></span> <span class='ocrx_word' id='word_1_67' title='bbox 845 1422 899 1472; x_wconf 88' lang='lat' dir='ltr'><em>fide</em></span> <span class='ocrx_word' id='word_1_68' title='bbox 917 1421 990 1472; x_wconf 86' lang='lat' dir='ltr'><em>haud</em></span> <span class='ocrx_word' id='word_1_69' title='bbox 1008 1422 1118 1472; x_wconf 85' lang='lat' dir='ltr'><em>videtur</em></span> <span class='ocrx_word' id='word_1_70' title='bbox 1140 1422 1225 1487; x_wconf 82' lang='lat' dir='ltr'><em>digna</em></span> <span class='ocrx_word' id='word_1_71' title='bbox 1249 1439 1309 1474; x_wconf 85' lang='lat' dir='ltr'><em>esse</em></span> <span class='ocrx_word' id='word_1_72' title='bbox 1329 1423 1376 1487; x_wconf 87' lang='lat' dir='ltr'><em>(ef.</em></span> <span class='ocrx_word' id='word_1_73' title='bbox 1396 1424 1555 1474; x_wconf 72' lang='lat' dir='ltr'><em>Her-taius</em></span> 
     </span>
     <span class='ocr_line' id='line_1_9' title="bbox 378 1493 1578 1574; baseline -0.003 -15"><span class='ocrx_word' id='word_1_74' title='bbox 378 1508 414 1559; x_wconf 87' lang='lat' dir='ltr'><em>ad</em></span> <span class='ocrx_word' id='word_1_75' title='bbox 433 1507 473 1573; x_wconf 79' lang='grc'><strong>1.).</strong></span> <span class='ocrx_word' id='word_1_76' title='bbox 505 1509 602 1574; x_wconf 86' lang='lat' dir='ltr'><em>Itaque</em></span> <span class='ocrx_word' id='word_1_77' title='bbox 622 1513 671 1558; x_wconf 89' lang='lat' dir='ltr'><em>ant</em></span> <span class='ocrx_word' id='word_1_78' title='bbox 689 1510 793 1559; x_wconf 73' lang='lat' dir='ltr'><em>‘volsa’</em></span> <span class='ocrx_word' id='word_1_79' title='bbox 812 1508 885 1571; x_wconf 90' lang='lat' dir='ltr'><em>quod</em></span> <span class='ocrx_word' id='word_1_80' title='bbox 905 1507 940 1557; x_wconf 88' lang='lat' dir='ltr'><em>ab</em></span> <span class='ocrx_word' id='word_1_81' title='bbox 957 1508 1018 1573; x_wconf 90' lang='lat' dir='ltr'><em>ipso</em></span> <span class='ocrx_word' id='word_1_82' title='bbox 1036 1507 1204 1573; x_wconf 84' lang='lat' dir='ltr'><em>propositum</em></span> <span class='ocrx_word' id='word_1_83' title='bbox 1223 1504 1324 1558; x_wconf 82' lang='lat' dir='ltr'><em>reiecit</em></span> <span class='ocrx_word' id='word_1_84' title='bbox 1334 1506 1442 1559; x_wconf 87' lang='lat' dir='ltr'><em>Muell.</em></span> <span class='ocrx_word' id='word_1_85' title='bbox 1465 1506 1554 1559; x_wconf 85' lang='lat' dir='ltr'><em>oblo-</em></span> <span class='ocrx_word' id='word_1_86' title='bbox 1575 1493 1578 1496; x_wconf 47' lang='grc'><em>’</em></span> 
     </span>
     <span class='ocr_line' id='line_1_10' title="bbox 325 1592 1553 1659; baseline -0.001 -15"><span class='ocrx_word' id='word_1_87' title='bbox 325 1614 328 1620; x_wconf 92' lang='lat'><em>·</em></span> <span class='ocrx_word' id='word_1_88' title='bbox 379 1600 481 1659; x_wconf 82' lang='lat' dir='ltr'><em>quante</em></span> <span class='ocrx_word' id='word_1_89' title='bbox 499 1592 640 1659; x_wconf 81' lang='lat' dir='ltr'><em>Madvigio</em></span> <span class='ocrx_word' id='word_1_90' title='bbox 660 1592 759 1659; x_wconf 86' lang='lat' dir='ltr'><em>Opnsa.</em></span> <span class='ocrx_word' id='word_1_91' title='bbox 773 1594 801 1643; x_wconf 93' lang='lat'><em>11</em></span> <span class='ocrx_word' id='word_1_92' title='bbox 820 1595 852 1645; x_wconf 77' lang='lat' dir='ltr'><em>‘le</em></span> <span class='ocrx_word' id='word_1_93' title='bbox 870 1609 912 1655; x_wconf 68' lang='lat' dir='ltr'><em>u..</em></span> <span class='ocrx_word' id='word_1_94' title='bbox 932 1596 982 1643; x_wconf 88' lang='lat' dir='ltr'><em>aut</em></span> <span class='ocrx_word' id='word_1_95' title='bbox 999 1592 1071 1657; x_wconf 87' lang='lat' dir='ltr'><em>quod</em></span> <span class='ocrx_word' id='word_1_96' title='bbox 1090 1593 1217 1656; x_wconf 87' lang='lat' dir='ltr'><em>equidem</em></span> <span class='ocrx_word' id='word_1_97' title='bbox 1235 1593 1379 1659; x_wconf 86' lang='lat' dir='ltr'><em>praeiere,</em></span> <span class='ocrx_word' id='word_1_98' title='bbox 1398 1594 1553 1644; x_wconf 74' lang='lat' dir='ltr'><em>‘volera&#39;s&#39;</em></span> 
     </span>
     <span class='ocr_line' id='line_1_11' title="bbox 379 1674 1552 1747; baseline -0.002 -20"><span class='ocrx_word' id='word_1_99' title='bbox 379 1679 453 1729; x_wconf 85' lang='lat' dir='ltr'><em>sieut</em></span> <span class='ocrx_word' id='word_1_100' title='bbox 473 1694 558 1747; x_wconf 80' lang='lat' dir='ltr'><em>supra</em></span> <span class='ocrx_word' id='word_1_101' title='bbox 576 1681 717 1729; x_wconf 77' lang='lat' dir='ltr'><em>‘tetinero’</em></span> <span class='ocrx_word' id='word_1_102' title='bbox 737 1684 765 1728; x_wconf 93' lang='lat' dir='ltr'><em>et</em></span> <span class='ocrx_word' id='word_1_103' title='bbox 784 1680 938 1728; x_wconf 72' lang='lat' dir='ltr'><em>‘umnermt’</em></span> <span class='ocrx_word' id='word_1_104' title='bbox 957 1674 1062 1730; x_wconf 83' lang='lat' dir='ltr'><em>Paeuv.</em></span> <span class='ocrx_word' id='word_1_105' title='bbox 1080 1677 1154 1743; x_wconf 89' lang='lat' dir='ltr'><em>apud</em></span> <span class='ocrx_word' id='word_1_106' title='bbox 1165 1677 1282 1728; x_wconf 91' lang='lat' dir='ltr'><em>Paulum</em></span> <span class='ocrx_word' id='word_1_107' title='bbox 1300 1694 1327 1743; x_wconf 94' lang='lat' dir='ltr'><em>p.</em></span> <span class='ocrx_word' id='word_1_108' title='bbox 1340 1679 1391 1729; x_wconf 77' lang='grc'><em>373</em></span> <span class='ocrx_word' id='word_1_109' title='bbox 1410 1705 1452 1714; x_wconf 95' lang='grc'><strong>-</strong></span> <span class='ocrx_word' id='word_1_110' title='bbox 1477 1675 1552 1727; x_wconf 86' lang='lat' dir='ltr'><em>Sea-</em></span> 
     </span>
     <span class='ocr_line' id='line_1_12' title="bbox 378 1762 1072 1829; baseline -0.003 -16"><span class='ocrx_word' id='word_1_111' title='bbox 378 1764 467 1829; x_wconf 76' lang='lat' dir='ltr'><em>ligero</em></span> <span class='ocrx_word' id='word_1_112' title='bbox 486 1768 514 1812; x_wconf 88' lang='lat' dir='ltr'><em>et</em></span> <span class='ocrx_word' id='word_1_113' title='bbox 532 1764 628 1829; x_wconf 91' lang='lat' dir='ltr'><em>Lipsio</em></span> <span class='ocrx_word' id='word_1_114' title='bbox 647 1764 805 1813; x_wconf 80' lang='lat' dir='ltr'><em>auctoribus</em></span> <span class='ocrx_word' id='word_1_115' title='bbox 824 1762 1001 1813; x_wconf 84' lang='lat' dir='ltr'><em>scribendum</em></span> <span class='ocrx_word' id='word_1_116' title='bbox 1020 1766 1072 1813; x_wconf 85' lang='lat' dir='ltr'><em>est.</em></span> 
     </span>
    </p>
   </div>
   <div class='ocr_carea' id='block_1_4' title="bbox 289 1863 1618 4651">
    <p class='ocr_par' dir='ltr' id='par_1_4' title="bbox 289 1863 1618 4651">
     <span class='ocr_line' id='line_1_13' title="bbox 447 1863 1546 1930; baseline -0.004 -14"><span class='ocrx_word' id='word_1_117' title='bbox 447 1864 469 1929; x_wconf 79' lang='lat'><em>²)</em></span> <span class='ocrx_word' id='word_1_118' title='bbox 488 1867 615 1929; x_wconf 77' lang='lat' dir='ltr'><em>‘serpsit’</em></span> <span class='ocrx_word' id='word_1_119' title='bbox 636 1864 825 1930; x_wconf 80' lang='lat' dir='ltr'><em>corrigendum</em></span> <span class='ocrx_word' id='word_1_120' title='bbox 845 1880 906 1914; x_wconf 88' lang='lat' dir='ltr'><em>esse</em></span> <span class='ocrx_word' id='word_1_121' title='bbox 925 1880 986 1914; x_wconf 90' lang='lat' dir='ltr'><em>eum</em></span> <span class='ocrx_word' id='word_1_122' title='bbox 1005 1864 1134 1930; x_wconf 86' lang='lat' dir='ltr'><em>antiquus</em></span> <span class='ocrx_word' id='word_1_123' title='bbox 1152 1878 1216 1915; x_wconf 90' lang='lat' dir='ltr'><em>usus</em></span> <span class='ocrx_word' id='word_1_124' title='bbox 1234 1869 1327 1916; x_wconf 90' lang='lat' dir='ltr'><em>monet</em></span> <span class='ocrx_word' id='word_1_125' title='bbox 1349 1870 1407 1915; x_wconf 88' lang='lat' dir='ltr'><em>tum</em></span> <span class='ocrx_word' id='word_1_126' title='bbox 1427 1863 1546 1915; x_wconf 81' lang='lat' dir='ltr'><em>similis</em></span> 
     </span>
     <span class='ocr_line' id='line_1_14' title="bbox 380 1948 1545 2016; baseline -0.001 -17"><span class='ocrx_word' id='word_1_127' title='bbox 380 1949 459 2000; x_wconf 86' lang='lat' dir='ltr'><em>luens</em></span> <span class='ocrx_word' id='word_1_128' title='bbox 478 1966 504 2016; x_wconf 87' lang='lat' dir='ltr'><em>p.</em></span> <span class='ocrx_word' id='word_1_129' title='bbox 517 1950 567 2000; x_wconf 85' lang='grc'><em>348</em></span> <span class='ocrx_word' id='word_1_130' title='bbox 586 1950 633 2012; x_wconf 84' lang='lat' dir='ltr'><em>(ei.</em></span> <span class='ocrx_word' id='word_1_131' title='bbox 647 1948 765 2013; x_wconf 84' lang='lat' dir='ltr'><em>Penius)</em></span> <span class='ocrx_word' id='word_1_132' title='bbox 783 1948 899 2014; x_wconf 83' lang='lat' dir='ltr'><em>‘Serpsit</em></span> <span class='ocrx_word' id='word_1_133' title='bbox 915 1950 1014 2015; x_wconf 77' lang='lat' dir='ltr'><em>antiqui</em></span> <span class='ocrx_word' id='word_1_134' title='bbox 1029 1966 1079 2014; x_wconf 87' lang='lat' dir='ltr'><em>pro</em></span> <span class='ocrx_word' id='word_1_135' title='bbox 1096 1953 1234 2015; x_wconf 79' lang='lat' dir='ltr'><em>serpserit,</em></span> <span class='ocrx_word' id='word_1_136' title='bbox 1252 1952 1319 2000; x_wconf 86' lang='lat' dir='ltr'><em>unde</em></span> <span class='ocrx_word' id='word_1_137' title='bbox 1336 1951 1464 2000; x_wconf 76' lang='lat' dir='ltr'><em>ridentia·</em></span> <span class='ocrx_word' id='word_1_138' title='bbox 1483 1964 1545 1999; x_wconf 84' lang='lat' dir='ltr'><em>ser·</em></span> 
     </span>
     <span class='ocr_line' id='line_1_15' title="bbox 381 2033 1547 2102; baseline -0.002 -17"><span class='ocrx_word' id='word_1_139' title='bbox 381 2038 457 2101; x_wconf 86' lang='lat' dir='ltr'><em>palae</em></span> <span class='ocrx_word' id='word_1_140' title='bbox 476 2036 560 2085; x_wconf 84' lang='lat' dir='ltr'><em>dictae</em></span> <span class='ocrx_word' id='word_1_141' title='bbox 579 2050 642 2100; x_wconf 85' lang='lat' dir='ltr'><em>quos</em></span> <span class='ocrx_word' id='word_1_142' title='bbox 660 2050 725 2084; x_wconf 85' lang='lat' dir='ltr'><em>nune</em></span> <span class='ocrx_word' id='word_1_143' title='bbox 742 2042 876 2099; x_wconf 83' lang='lat' dir='ltr'><em>serpentes</em></span> <span class='ocrx_word' id='word_1_144' title='bbox 893 2035 998 2084; x_wconf 73' lang='lat' dir='ltr'><em>aumas</em></span> <span class='ocrx_word' id='word_1_145' title='bbox 1015 2050 1051 2084; x_wconf 73' lang='lat' dir='ltr'><em>aaa</em></span> <span class='ocrx_word' id='word_1_146' title='bbox 1066 2050 1175 2099; x_wconf 80' lang='lat' dir='ltr'><em>praeeo,</em></span> <span class='ocrx_word' id='word_1_147' title='bbox 1199 2038 1260 2102; x_wconf 81' lang='lat' dir='ltr'><em>quia</em></span> <span class='ocrx_word' id='word_1_148' title='bbox 1281 2037 1320 2085; x_wconf 88' lang='lat' dir='ltr'><em>illi</em></span> <span class='ocrx_word' id='word_1_149' title='bbox 1340 2033 1471 2098; x_wconf 71' lang='lat' dir='ltr'><em>ionersi,</em></span> <span class='ocrx_word' id='word_1_150' title='bbox 1494 2048 1547 2083; x_wconf 79' lang='lat' dir='ltr'><em>nas</em></span> 
     </span>
     <span class='ocr_line' id='line_1_16' title="bbox 289 2118 1547 2185; baseline -0.002 -16"><span class='ocrx_word' id='word_1_151' title='bbox 289 2142 293 2149; x_wconf 59' lang='lat'>²</span> <span class='ocrx_word' id='word_1_152' title='bbox 379 2136 429 2184; x_wconf 89' lang='lat' dir='ltr'><em>pro</em></span> <span class='ocrx_word' id='word_1_153' title='bbox 448 2120 625 2185; x_wconf 79' lang='lat' dir='ltr'><em>adspiratione</em></span> <span class='ocrx_word' id='word_1_154' title='bbox 648 2120 745 2170; x_wconf 74' lang='lat' dir='ltr'><em>illamam</em></span> <span class='ocrx_word' id='word_1_155' title='bbox 764 2119 782 2169; x_wconf 84' lang='lat' dir='ltr'>S</span> <span class='ocrx_word' id='word_1_156' title='bbox 799 2122 887 2169; x_wconf 88' lang='lat' dir='ltr'><em>littera</em></span> <span class='ocrx_word' id='word_1_157' title='bbox 906 2122 994 2185; x_wconf 84' lang='lat' dir='ltr'><em>posita</em></span> <span class='ocrx_word' id='word_1_158' title='bbox 1015 2129 1043 2169; x_wconf 89' lang='lat' dir='ltr'><em>ut</em></span> <span class='ocrx_word' id='word_1_159' title='bbox 1065 2118 1094 2172; x_wconf 80' lang='grc' dir='ltr'><em>ἕξ</em></span> <span class='ocrx_word' id='word_1_160' title='bbox 1117 2136 1167 2171; x_wconf 71' lang='lat' dir='ltr'><em>sere</em></span> <span class='ocrx_word' id='word_1_161' title='bbox 1189 2118 1262 2170; x_wconf 85' lang='grc' dir='ltr'>ἑπτά</span> <span class='ocrx_word' id='word_1_162' title='bbox 1283 2123 1401 2184; x_wconf 65' lang='lat' dir='ltr'><em>septem!</em></span> <span class='ocrx_word' id='word_1_163' title='bbox 1441 2119 1547 2180; x_wconf 80' lang='lat' dir='ltr'><em>Quam</em></span> 
     </span>
     <span class='ocr_line' id='line_1_17' title="bbox 382 2203 1548 2271; baseline -0.003 -18"><span class='ocrx_word' id='word_1_164' title='bbox 382 2204 504 2269; x_wconf 78' lang='lat' dir='ltr'><em>glossam</em></span> <span class='ocrx_word' id='word_1_165' title='bbox 524 2205 578 2255; x_wconf 88' lang='lat' dir='ltr'><em>etsi</em></span> <span class='ocrx_word' id='word_1_166' title='bbox 595 2218 740 2269; x_wconf 77' lang='lat' dir='ltr'><em>perperam</em></span> <span class='ocrx_word' id='word_1_167' title='bbox 753 2204 900 2255; x_wconf 85' lang='lat' dir='ltr'><em>Daeierins</em></span> <span class='ocrx_word' id='word_1_168' title='bbox 919 2219 980 2255; x_wconf 91' lang='lat' dir='ltr'><em>eum</em></span> <span class='ocrx_word' id='word_1_169' title='bbox 999 2204 1051 2255; x_wconf 89' lang='lat' dir='ltr'><em>illa</em></span> <span class='ocrx_word' id='word_1_170' title='bbox 1069 2204 1262 2271; x_wconf 80' lang='lat' dir='ltr'><em>conglutinare</em></span> <span class='ocrx_word' id='word_1_171' title='bbox 1281 2203 1502 2269; x_wconf 85' lang='lat' dir='ltr'><em>transponendo</em></span> <span class='ocrx_word' id='word_1_172' title='bbox 1517 2206 1548 2252; x_wconf 82' lang='lat' dir='ltr'><em>et</em></span> 
     </span>
     <span class='ocr_line' id='line_1_18' title="bbox 382 2286 1546 2355; baseline -0.003 -16"><span class='ocrx_word' id='word_1_173' title='bbox 382 2288 544 2355; x_wconf 81' lang='lat' dir='ltr'><em>corrigendo</em></span> <span class='ocrx_word' id='word_1_174' title='bbox 562 2288 663 2347; x_wconf 83' lang='lat' dir='ltr'><em>voluit,</em></span> <span class='ocrx_word' id='word_1_175' title='bbox 682 2295 777 2339; x_wconf 86' lang='lat' dir='ltr'><em>tamen</em></span> <span class='ocrx_word' id='word_1_176' title='bbox 796 2290 863 2353; x_wconf 86' lang='lat' dir='ltr'><em>quin</em></span> <span class='ocrx_word' id='word_1_177' title='bbox 881 2289 1033 2339; x_wconf 79' lang='lat' dir='ltr'><em>Messallae</em></span> <span class='ocrx_word' id='word_1_178' title='bbox 1053 2291 1151 2354; x_wconf 77' lang='lat' dir='ltr'><em>erugari</em></span> <span class='ocrx_word' id='word_1_179' title='bbox 1174 2290 1236 2355; x_wconf 86' lang='lat' dir='ltr'><em>ipsa</em></span> <span class='ocrx_word' id='word_1_180' title='bbox 1255 2304 1363 2355; x_wconf 87' lang='lat' dir='ltr'><em>quoque</em></span> <span class='ocrx_word' id='word_1_181' title='bbox 1381 2286 1546 2339; x_wconf 84' lang='lat' dir='ltr'><em>tribuenda</em></span> 
     </span>
     <span class='ocr_line' id='line_1_19' title="bbox 382 2372 1544 2439; baseline -0.004 -15"><span class='ocrx_word' id='word_1_182' title='bbox 382 2375 432 2434; x_wconf 87' lang='lat' dir='ltr'><em>sit,</em></span> <span class='ocrx_word' id='word_1_183' title='bbox 452 2374 508 2425; x_wconf 89' lang='lat' dir='ltr'><em>iam</em></span> <span class='ocrx_word' id='word_1_184' title='bbox 527 2372 639 2425; x_wconf 88' lang='lat' dir='ltr'><em>dubium</em></span> <span class='ocrx_word' id='word_1_185' title='bbox 660 2388 722 2424; x_wconf 88' lang='lat' dir='ltr'><em>esse</em></span> <span class='ocrx_word' id='word_1_186' title='bbox 743 2376 849 2437; x_wconf 84' lang='lat' dir='ltr'><em>nequit.</em></span> <span class='ocrx_word' id='word_1_187' title='bbox 884 2374 922 2423; x_wconf 78' lang='lat' dir='ltr'><em>At</em></span> <span class='ocrx_word' id='word_1_188' title='bbox 939 2374 1020 2423; x_wconf 86' lang='lat' dir='ltr'><em>datur</em></span> <span class='ocrx_word' id='word_1_189' title='bbox 1044 2375 1128 2424; x_wconf 88' lang='lat' dir='ltr'><em>etiam</em></span> <span class='ocrx_word' id='word_1_190' title='bbox 1151 2374 1225 2424; x_wconf 82' lang='lat' dir='ltr'><em>ultra</em></span> <span class='ocrx_word' id='word_1_191' title='bbox 1247 2374 1366 2439; x_wconf 90' lang='lat' dir='ltr'><em>prodire.</em></span> <span class='ocrx_word' id='word_1_192' title='bbox 1402 2373 1544 2436; x_wconf 85' lang='lat' dir='ltr'><em>Namque</em></span> 
     </span>
     <span class='ocr_line' id='line_1_20' title="bbox 382 2456 1543 2533; baseline -0.003 -23"><span class='ocrx_word' id='word_1_193' title='bbox 382 2460 406 2510; x_wconf 85' lang='lat' dir='ltr'><em>si</em></span> <span class='ocrx_word' id='word_1_194' title='bbox 425 2474 487 2510; x_wconf 87' lang='lat' dir='ltr'><em>enm</em></span> <span class='ocrx_word' id='word_1_195' title='bbox 507 2458 568 2509; x_wconf 89' lang='lat' dir='ltr'><em>loeo</em></span> <span class='ocrx_word' id='word_1_196' title='bbox 587 2458 665 2509; x_wconf 88' lang='lat' dir='ltr'><em>modo</em></span> <span class='ocrx_word' id='word_1_197' title='bbox 685 2459 771 2533; x_wconf 80' lang='lat' dir='ltr'><em>citato</em></span> <span class='ocrx_word' id='word_1_198' title='bbox 789 2456 956 2510; x_wconf 81' lang='lat' dir='ltr'><em>senserimus</em></span> <span class='ocrx_word' id='word_1_199' title='bbox 974 2475 1001 2523; x_wconf 90' lang='lat' dir='ltr'><em>p.</em></span> <span class='ocrx_word' id='word_1_200' title='bbox 1014 2461 1064 2509; x_wconf 78' lang='lat'><em>290</em></span> <span class='ocrx_word' id='word_1_201' title='bbox 1083 2464 1200 2524; x_wconf 79' lang='lat' dir='ltr'><em>‘suppum</em></span> <span class='ocrx_word' id='word_1_202' title='bbox 1213 2461 1311 2526; x_wconf 82' lang='lat' dir='ltr'><em>antiqui</em></span> <span class='ocrx_word' id='word_1_203' title='bbox 1328 2458 1449 2509; x_wconf 82' lang='lat' dir='ltr'><em>dicebant</em></span> <span class='ocrx_word' id='word_1_204' title='bbox 1464 2472 1543 2524; x_wconf 76' lang='lat' dir='ltr'><em>queas</em></span> 
     </span>
     <span class='ocr_line' id='line_1_21' title="bbox 382 2544 1543 2609; baseline -0.002 -16"><span class='ocrx_word' id='word_1_205' title='bbox 382 2560 447 2594; x_wconf 87' lang='lat' dir='ltr'><em>nuno</em></span> <span class='ocrx_word' id='word_1_206' title='bbox 463 2544 578 2609; x_wconf 79' lang='lat' dir='ltr'><em>supimem</em></span> <span class='ocrx_word' id='word_1_207' title='bbox 596 2545 700 2594; x_wconf 79' lang='lat' dir='ltr'><em>elicimus</em></span> <span class='ocrx_word' id='word_1_208' title='bbox 717 2560 753 2594; x_wconf 78' lang='lat' dir='ltr'><em>ea</em></span> <span class='ocrx_word' id='word_1_209' title='bbox 769 2560 877 2607; x_wconf 84' lang='lat' dir='ltr'><em>praeeo,</em></span> <span class='ocrx_word' id='word_1_210' title='bbox 895 2544 1014 2593; x_wconf 84' lang='lat' dir='ltr'><em>videlieet</em></span> <span class='ocrx_word' id='word_1_211' title='bbox 1030 2560 1080 2609; x_wconf 89' lang='lat' dir='ltr'><em>pro</em></span> <span class='ocrx_word' id='word_1_212' title='bbox 1098 2546 1276 2609; x_wconf 85' lang='lat' dir='ltr'><em>adspiratione</em></span> <span class='ocrx_word' id='word_1_213' title='bbox 1291 2552 1418 2608; x_wconf 87' lang='lat' dir='ltr'><em>ponentes</em></span> <span class='ocrx_word' id='word_1_214' title='bbox 1437 2544 1478 2606; x_wconf 82' lang='lat' dir='ltr'><em>(s)</em></span> <span class='ocrx_word' id='word_1_215' title='bbox 1500 2544 1543 2592; x_wconf 87' lang='lat' dir='ltr'><em>lit·</em></span> 
     </span>
     <span class='ocr_line' id='line_1_22' title="bbox 382 2625 1542 2693; baseline 0.003 -15"><span class='ocrx_word' id='word_1_216' title='bbox 382 2636 473 2688; x_wconf 89' lang='lat' dir='ltr'><em>teram,</em></span> <span class='ocrx_word' id='word_1_217' title='bbox 492 2636 520 2677; x_wconf 85' lang='lat' dir='ltr'><em>at</em></span> <span class='ocrx_word' id='word_1_218' title='bbox 536 2644 590 2679; x_wconf 69' lang='lat' dir='ltr'><em>mm</em></span> <span class='ocrx_word' id='word_1_219' title='bbox 607 2629 675 2678; x_wconf 75' lang='lat' dir='ltr'><em>teleos</em></span> <span class='ocrx_word' id='word_1_220' title='bbox 692 2630 766 2693; x_wconf 78' lang='lat' dir='ltr'><em>lplas</em></span> <span class='ocrx_word' id='word_1_221' title='bbox 785 2630 872 2679; x_wconf 84' lang='lat' dir='ltr'><em>dieunt</em></span> <span class='ocrx_word' id='word_1_222' title='bbox 889 2635 915 2678; x_wconf 89' lang='lat' dir='ltr'><em>et</em></span> <span class='ocrx_word' id='word_1_223' title='bbox 933 2645 980 2679; x_wconf 89' lang='lat' dir='ltr'><em>nos</em></span> <span class='ocrx_word' id='word_1_224' title='bbox 996 2630 1085 2685; x_wconf 86' lang='lat' dir='ltr'><em>siloas,</em></span> <span class='ocrx_word' id='word_1_225' title='bbox 1104 2631 1162 2680; x_wconf 70' lang='lat' dir='ltr'><em>Mun</em></span> <span class='ocrx_word' id='word_1_226' title='bbox 1179 2625 1208 2679; x_wconf 80' lang='grc' dir='ltr'><em>ἕξ</em></span> <span class='ocrx_word' id='word_1_227' title='bbox 1225 2644 1276 2679; x_wconf 75' lang='lat' dir='ltr'><em>sesa</em></span> <span class='ocrx_word' id='word_1_228' title='bbox 1287 2636 1313 2678; x_wconf 90' lang='lat' dir='ltr'><em>et</em></span> <span class='ocrx_word' id='word_1_229' title='bbox 1324 2626 1542 2693; x_wconf 66' lang='lat' dir='ltr'><em>{mouprerns’</em></span> 
     </span>
     <span class='ocr_line' id='line_1_23' title="bbox 383 2712 1542 2779; baseline -0.003 -16"><span class='ocrx_word' id='word_1_230' title='bbox 383 2718 413 2763; x_wconf 85' lang='lat' dir='ltr'><em>et</em></span> <span class='ocrx_word' id='word_1_231' title='bbox 430 2728 457 2777; x_wconf 90' lang='lat' dir='ltr'><em>p.</em></span> <span class='ocrx_word' id='word_1_232' title='bbox 475 2715 525 2764; x_wconf 76' lang='grc'><em>393</em></span> <span class='ocrx_word' id='word_1_233' title='bbox 544 2713 592 2774; x_wconf 86' lang='lat' dir='ltr'><em>(ef.</em></span> <span class='ocrx_word' id='word_1_234' title='bbox 613 2712 728 2774; x_wconf 88' lang='lat' dir='ltr'><em>Paulus)</em></span> <span class='ocrx_word' id='word_1_235' title='bbox 747 2712 851 2771; x_wconf 80' lang='lat' dir='ltr'><em>‘Semls,</em></span> <span class='ocrx_word' id='word_1_236' title='bbox 870 2715 1010 2771; x_wconf 84' lang='lat' dir='ltr'><em>sernodius,</em></span> <span class='ocrx_word' id='word_1_237' title='bbox 1027 2716 1170 2771; x_wconf 83' lang='lat' dir='ltr'><em>semuncia,-</em></span> <span class='ocrx_word' id='word_1_238' title='bbox 1188 2730 1239 2779; x_wconf 85' lang='lat' dir='ltr'><em>qua</em></span> <span class='ocrx_word' id='word_1_239' title='bbox 1254 2717 1357 2765; x_wconf 79' lang='lat' dir='ltr'><em>ratione</em></span> <span class='ocrx_word' id='word_1_240' title='bbox 1374 2730 1410 2764; x_wconf 78' lang='lat' dir='ltr'><em>ea</em></span> <span class='ocrx_word' id='word_1_241' title='bbox 1429 2714 1542 2763; x_wconf 80' lang='lat' dir='ltr'><em>Graeco</em></span> 
     </span>
     <span class='ocr_line' id='line_1_24' title="bbox 383 2782 1542 2863; baseline -0.003 -15"><span class='ocrx_word' id='word_1_242' title='bbox 383 2799 518 2848; x_wconf 71' lang='lat' dir='ltr'><em>uoluatur</em></span> <span class='ocrx_word' id='word_1_243' title='bbox 535 2800 611 2847; x_wconf 86' lang='lat' dir='ltr'><em>etiam</em></span> <span class='ocrx_word' id='word_1_244' title='bbox 628 2799 692 2855; x_wconf 84' lang='lat' dir='ltr'><em>alia,</em></span> <span class='ocrx_word' id='word_1_245' title='bbox 712 2813 776 2863; x_wconf 88' lang='lat' dir='ltr'><em>quae</em></span> <span class='ocrx_word' id='word_1_246' title='bbox 793 2814 807 2848; x_wconf 88' lang='lat' dir='ltr'><em>s</em></span> <span class='ocrx_word' id='word_1_247' title='bbox 825 2782 936 2849; x_wconf 76' lang='lat' dir='ltr'><em>litieranr</em></span> <span class='ocrx_word' id='word_1_248' title='bbox 951 2814 1001 2862; x_wconf 87' lang='lat' dir='ltr'><em>pro</em></span> <span class='ocrx_word' id='word_1_249' title='bbox 1019 2800 1178 2862; x_wconf 84' lang='lat' dir='ltr'><em>aspiratione</em></span> <span class='ocrx_word' id='word_1_250' title='bbox 1196 2813 1282 2848; x_wconf 86' lang='lat' dir='ltr'><em>eorum</em></span> <span class='ocrx_word' id='word_1_251' title='bbox 1299 2798 1400 2859; x_wconf 70' lang='lat' dir='ltr'><em>labem,</em></span> <span class='ocrx_word' id='word_1_252' title='bbox 1419 2806 1448 2847; x_wconf 83' lang='lat' dir='ltr'><em>at</em></span> <span class='ocrx_word' id='word_1_253' title='bbox 1460 2792 1542 2848; x_wconf 83' lang='grc' dir='ltr'>ἑπτά</span> 
     </span>
     <span class='ocr_line' id='line_1_25' title="bbox 382 2880 1539 2949; baseline -0.005 -16"><span class='ocrx_word' id='word_1_254' title='bbox 382 2890 490 2947; x_wconf 82' lang='lat' dir='ltr'><em>septem,</em></span> <span class='ocrx_word' id='word_1_255' title='bbox 509 2880 573 2933; x_wconf 78' lang='lat' dir='ltr'><em>illut</em></span> <span class='ocrx_word' id='word_1_256' title='bbox 590 2885 679 2942; x_wconf 88' lang='lat' dir='ltr'><em>siloae,</em></span> <span class='ocrx_word' id='word_1_257' title='bbox 702 2886 740 2932; x_wconf 86' lang='lat' dir='ltr'><em>sie</em></span> <span class='ocrx_word' id='word_1_258' title='bbox 761 2885 811 2933; x_wconf 88' lang='lat' dir='ltr'><em>ista</em></span> <span class='ocrx_word' id='word_1_259' title='bbox 834 2884 867 2933; x_wconf 83' lang='lat' dir='ltr'><em>ab</em></span> <span class='ocrx_word' id='word_1_260' title='bbox 885 2900 914 2934; x_wconf 90' lang='lat' dir='ltr'><em>eo</em></span> <span class='ocrx_word' id='word_1_261' title='bbox 934 2885 1004 2949; x_wconf 89' lang='lat' dir='ltr'><em>quod</em></span> <span class='ocrx_word' id='word_1_262' title='bbox 1023 2884 1061 2933; x_wconf 87' lang='lat' dir='ltr'><em>illi</em></span> <span class='ocrx_word' id='word_1_263' title='bbox 1081 2882 1163 2945; x_wconf 76' lang='grc' dir='ltr'>ῆμιευ</span> <span class='ocrx_word' id='word_1_264' title='bbox 1185 2884 1271 2933; x_wconf 77' lang='lat' dir='ltr'><em>diescat</em></span> <span class='ocrx_word' id='word_1_265' title='bbox 1294 2884 1422 2933; x_wconf 84' lang='lat' dir='ltr'><em>declinata</em></span> <span class='ocrx_word' id='word_1_266' title='bbox 1439 2884 1539 2932; x_wconf 80' lang='lat' dir='ltr'><em>srrnt&#39;:</em></span> 
     </span>
     <span class='ocr_line' id='line_1_26' title="bbox 385 2966 1540 3034; baseline -0.006 -16"><span class='ocrx_word' id='word_1_267' title='bbox 385 2972 503 3034; x_wconf 84' lang='lat' dir='ltr'><em>apparet</em></span> <span class='ocrx_word' id='word_1_268' title='bbox 520 2967 591 3017; x_wconf 82' lang='lat' dir='ltr'><em>haee</em></span> <span class='ocrx_word' id='word_1_269' title='bbox 610 2967 663 3017; x_wconf 86' lang='lat' dir='ltr'><em>tria</em></span> <span class='ocrx_word' id='word_1_270' title='bbox 683 2984 716 3017; x_wconf 88' lang='lat' dir='ltr'><em>ex</em></span> <span class='ocrx_word' id='word_1_271' title='bbox 736 2968 831 3019; x_wconf 89' lang='lat' dir='ltr'><em>eodem</em></span> <span class='ocrx_word' id='word_1_272' title='bbox 849 2969 926 3019; x_wconf 84' lang='lat' dir='ltr'><em>lente</em></span> <span class='ocrx_word' id='word_1_273' title='bbox 945 2968 1046 3018; x_wconf 85' lang='lat' dir='ltr'><em>hausta</em></span> <span class='ocrx_word' id='word_1_274' title='bbox 1066 2982 1135 3020; x_wconf 87' lang='lat' dir='ltr'><em>esse.</em></span> <span class='ocrx_word' id='word_1_275' title='bbox 1160 2967 1214 3031; x_wconf 81' lang='lat' dir='ltr'><em>Qui</em></span> <span class='ocrx_word' id='word_1_276' title='bbox 1231 2968 1294 3018; x_wconf 83' lang='lat' dir='ltr'><em>fons</em></span> <span class='ocrx_word' id='word_1_277' title='bbox 1312 2972 1361 3017; x_wconf 89' lang='lat' dir='ltr'><em>aut</em></span> <span class='ocrx_word' id='word_1_278' title='bbox 1379 2966 1466 3017; x_wconf 82' lang='lat' dir='ltr'><em>fallor</em></span> <span class='ocrx_word' id='word_1_279' title='bbox 1487 2969 1540 3015; x_wconf 85' lang='lat' dir='ltr'><em>aut</em></span> 
     </span>
     <span class='ocr_line' id='line_1_27' title="bbox 384 3050 1539 3118; baseline -0.004 -14"><span class='ocrx_word' id='word_1_280' title='bbox 384 3054 437 3104; x_wconf 89' lang='lat' dir='ltr'><em>init</em></span> <span class='ocrx_word' id='word_1_281' title='bbox 455 3050 604 3103; x_wconf 79' lang='lat' dir='ltr'><em>Messallae</em></span> <span class='ocrx_word' id='word_1_282' title='bbox 623 3053 694 3104; x_wconf 91' lang='lat' dir='ltr'><em>liber</em></span> <span class='ocrx_word' id='word_1_283' title='bbox 713 3052 750 3103; x_wconf 89' lang='lat' dir='ltr'><em>de</em></span> <span class='ocrx_word' id='word_1_284' title='bbox 770 3069 782 3103; x_wconf 88' lang='lat' dir='ltr'><em>s</em></span> <span class='ocrx_word' id='word_1_285' title='bbox 801 3053 936 3115; x_wconf 84' lang='lat' dir='ltr'><em>littera,</em></span> <span class='ocrx_word' id='word_1_286' title='bbox 957 3068 972 3102; x_wconf 92' lang='lat' dir='ltr'><em>e</em></span> <span class='ocrx_word' id='word_1_287' title='bbox 992 3065 1044 3116; x_wconf 87' lang='lat' dir='ltr'><em>quo</em></span> <span class='ocrx_word' id='word_1_288' title='bbox 1064 3053 1199 3117; x_wconf 87' lang='lat' dir='ltr'><em>quaedam</em></span> <span class='ocrx_word' id='word_1_289' title='bbox 1211 3053 1329 3118; x_wconf 88' lang='lat' dir='ltr'><em>protulit</em></span> <span class='ocrx_word' id='word_1_290' title='bbox 1341 3050 1539 3114; x_wconf 74' lang='lat' dir='ltr'><em>Quintilianus</em></span> 
     </span>
     <span class='ocr_line' id='line_1_28' title="bbox 383 3136 1539 3219; baseline -0.004 -30"><span class='ocrx_word' id='word_1_291' title='bbox 383 3139 397 3189; x_wconf 95' lang='lat'>1</span> <span class='ocrx_word' id='word_1_292' title='bbox 415 3140 440 3199; x_wconf 79' lang='grc'><em>7,</em></span> <span class='ocrx_word' id='word_1_293' title='bbox 459 3140 492 3189; x_wconf 75' lang='grc'><em>23</em></span> <span class='ocrx_word' id='word_1_294' title='bbox 510 3138 548 3187; x_wconf 87' lang='lat' dir='ltr'><em>ei.</em></span> <span class='ocrx_word' id='word_1_295' title='bbox 567 3138 607 3188; x_wconf 83' lang='lat' dir='ltr'><em>IX</em></span> <span class='ocrx_word' id='word_1_296' title='bbox 624 3139 649 3197; x_wconf 93' lang='grc'><em>4,</em></span> <span class='ocrx_word' id='word_1_297' title='bbox 667 3140 709 3190; x_wconf 87' lang='grc'><em>38.</em></span> <span class='ocrx_word' id='word_1_298' title='bbox 729 3138 741 3187; x_wconf 94' lang='lat' dir='ltr'>I</span> <span class='ocrx_word' id='word_1_299' title='bbox 760 3141 783 3196; x_wconf 79' lang='lat'><em>5,</em></span> <span class='ocrx_word' id='word_1_300' title='bbox 804 3140 843 3189; x_wconf 78' lang='lat'><em>15.</em></span> <span class='ocrx_word' id='word_1_301' title='bbox 874 3139 1046 3201; x_wconf 80' lang='lat' dir='ltr'><em>Quamquam</em></span> <span class='ocrx_word' id='word_1_302' title='bbox 1065 3153 1120 3189; x_wconf 90' lang='lat' dir='ltr'><em>non</em></span> <span class='ocrx_word' id='word_1_303' title='bbox 1137 3139 1236 3203; x_wconf 80' lang='lat' dir='ltr'><em>ignoro</em></span> <span class='ocrx_word' id='word_1_304' title='bbox 1253 3137 1335 3219; x_wconf 59' lang='lat' dir='ltr'><em>lpuius</em></span> <span class='ocrx_word' id='word_1_305' title='bbox 1353 3136 1418 3187; x_wconf 85' lang='lat' dir='ltr'><em>libri</em></span> <span class='ocrx_word' id='word_1_306' title='bbox 1436 3140 1539 3187; x_wconf 85' lang='lat' dir='ltr'><em>aueto-</em></span> 
     </span>
     <span class='ocr_line' id='line_1_29' title="bbox 384 3221 1537 3289; baseline -0.004 -16"><span class='ocrx_word' id='word_1_307' title='bbox 384 3238 441 3273; x_wconf 91' lang='lat' dir='ltr'><em>rem</em></span> <span class='ocrx_word' id='word_1_308' title='bbox 459 3222 543 3289; x_wconf 81' lang='lat' dir='ltr'><em>vulgo</em></span> <span class='ocrx_word' id='word_1_309' title='bbox 561 3221 617 3272; x_wconf 90' lang='lat' dir='ltr'><em>diei</em></span> <span class='ocrx_word' id='word_1_310' title='bbox 634 3222 670 3275; x_wconf 88' lang='lat' dir='ltr'><em>M.</em></span> <span class='ocrx_word' id='word_1_311' title='bbox 691 3222 864 3273; x_wconf 87' lang='lat' dir='ltr'><em>Valerium</em></span> <span class='ocrx_word' id='word_1_312' title='bbox 883 3222 1081 3273; x_wconf 78' lang='lat' dir='ltr'><em>Messallam</em></span> <span class='ocrx_word' id='word_1_313' title='bbox 1101 3223 1294 3283; x_wconf 80' lang='lat' dir='ltr'><em>Corvinum,</em></span> <span class='ocrx_word' id='word_1_314' title='bbox 1312 3221 1465 3273; x_wconf 81' lang='lat' dir='ltr'><em>Messallae</em></span> <span class='ocrx_word' id='word_1_315' title='bbox 1486 3234 1537 3270; x_wconf 88' lang='lat' dir='ltr'><em>an·</em></span> 
     </span>
     <span class='ocr_line' id='line_1_30' title="bbox 385 3306 1579 3373; baseline -0.003 -16"><span class='ocrx_word' id='word_1_316' title='bbox 385 3308 461 3373; x_wconf 74' lang='lat' dir='ltr'><em>puris</em></span> <span class='ocrx_word' id='word_1_317' title='bbox 480 3322 513 3359; x_wconf 87' lang='lat' dir='ltr'><em>ex</em></span> <span class='ocrx_word' id='word_1_318' title='bbox 531 3308 619 3357; x_wconf 81' lang='lat' dir='ltr'><em>fratre</em></span> <span class='ocrx_word' id='word_1_319' title='bbox 638 3307 759 3373; x_wconf 82' lang='lat' dir='ltr'><em>patrueli</em></span> <span class='ocrx_word' id='word_1_320' title='bbox 778 3312 907 3373; x_wconf 81' lang='lat' dir='ltr'><em>nepotem</em></span> <span class='ocrx_word' id='word_1_321' title='bbox 924 3334 958 3343; x_wconf 90' lang='lat'><em>-</em></span> <span class='ocrx_word' id='word_1_322' title='bbox 976 3322 1031 3358; x_wconf 88' lang='lat' dir='ltr'><em>nou</em></span> <span class='ocrx_word' id='word_1_323' title='bbox 1049 3306 1135 3357; x_wconf 81' lang='lat' dir='ltr'><em>filium</em></span> <span class='ocrx_word' id='word_1_324' title='bbox 1158 3312 1189 3356; x_wconf 79' lang='lat' dir='ltr'><em>ut</em></span> <span class='ocrx_word' id='word_1_325' title='bbox 1212 3307 1306 3373; x_wconf 84' lang='lat' dir='ltr'><em>placet</em></span> <span class='ocrx_word' id='word_1_326' title='bbox 1323 3306 1539 3359; x_wconf 83' lang='lat' dir='ltr'><em>Graelenhanio</em></span> <span class='ocrx_word' id='word_1_327' title='bbox 1576 3362 1579 3365; x_wconf 12' lang='grc' dir='ltr'><em>Α</em></span> 
     </span>
     <span class='ocr_line' id='line_1_31' title="bbox 385 3378 1537 3457; baseline -0.003 -15"><span class='ocrx_word' id='word_1_328' title='bbox 385 3378 458 3444; x_wconf 80' lang='lat' dir='ltr'><em>illst.</em></span> <span class='ocrx_word' id='word_1_329' title='bbox 483 3392 549 3456; x_wconf 82' lang='lat' dir='ltr'><em>phil.</em></span> <span class='ocrx_word' id='word_1_330' title='bbox 572 3392 676 3443; x_wconf 74' lang='grc'><strong>11314.</strong></span> <span class='ocrx_word' id='word_1_331' title='bbox 700 3393 739 3443; x_wconf 88' lang='lat' dir='ltr'><em>IV</em></span> <span class='ocrx_word' id='word_1_332' title='bbox 757 3396 799 3446; x_wconf 85' lang='grc'><em>60.</em></span> <span class='ocrx_word' id='word_1_333' title='bbox 821 3395 867 3443; x_wconf 83' lang='lat' dir='ltr'><em>lll</em></span> <span class='ocrx_word' id='word_1_334' title='bbox 885 3419 932 3451; x_wconf 87' lang='lat'><em>-,</em></span> <span class='ocrx_word' id='word_1_335' title='bbox 957 3392 1061 3443; x_wconf 86' lang='lat' dir='ltr'><em>alarum</em></span> <span class='ocrx_word' id='word_1_336' title='bbox 1084 3394 1245 3457; x_wconf 79' lang='lat' dir='ltr'><em>Augusteae</em></span> <span class='ocrx_word' id='word_1_337' title='bbox 1269 3393 1372 3443; x_wconf 85' lang='lat' dir='ltr'><em>aetatis</em></span> <span class='ocrx_word' id='word_1_338' title='bbox 1395 3396 1537 3442; x_wconf 84' lang='lat' dir='ltr'><em>oratorem</em></span> 
     </span>
     <span class='ocr_line' id='line_1_32' title="bbox 386 3476 1536 3543; baseline -0.003 -15"><span class='ocrx_word' id='word_1_339' title='bbox 386 3476 679 3543; x_wconf 74' lang='lat' dir='ltr'><em>(eoe.loccxit111),</em></span> <span class='ocrx_word' id='word_1_340' title='bbox 699 3478 840 3543; x_wconf 87' lang='lat' dir='ltr'><em>ipsumque</em></span> <span class='ocrx_word' id='word_1_341' title='bbox 860 3476 1061 3540; x_wconf 80' lang='lat' dir='ltr'><em>Quintilianum</em></span> <span class='ocrx_word' id='word_1_342' title='bbox 1080 3477 1113 3527; x_wconf 87' lang='lat' dir='ltr'><em>de</em></span> <span class='ocrx_word' id='word_1_343' title='bbox 1132 3477 1184 3527; x_wconf 90' lang='lat' dir='ltr'><em>hoe</em></span> <span class='ocrx_word' id='word_1_344' title='bbox 1202 3482 1314 3529; x_wconf 88' lang='lat' dir='ltr'><em>oratore</em></span> <span class='ocrx_word' id='word_1_345' title='bbox 1333 3478 1475 3543; x_wconf 79' lang='lat' dir='ltr'><em>cogitasse</em></span> <span class='ocrx_word' id='word_1_346' title='bbox 1496 3476 1536 3525; x_wconf 82' lang='lat' dir='ltr'><em>vi·</em></span> 
     </span>
     <span class='ocr_line' id='line_1_33' title="bbox 386 3562 1537 3628; baseline -0.002 -15"><span class='ocrx_word' id='word_1_347' title='bbox 386 3564 486 3615; x_wconf 86' lang='lat' dir='ltr'><em>dentur</em></span> <span class='ocrx_word' id='word_1_348' title='bbox 503 3565 618 3614; x_wconf 88' lang='lat' dir='ltr'><em>innuere</em></span> <span class='ocrx_word' id='word_1_349' title='bbox 635 3564 722 3614; x_wconf 86' lang='lat' dir='ltr'><em>verba</em></span> <span class='ocrx_word' id='word_1_350' title='bbox 740 3563 791 3625; x_wconf 82' lang='lat' dir='ltr'><em>Il,</em></span> <span class='ocrx_word' id='word_1_351' title='bbox 810 3566 844 3614; x_wconf 83' lang='lat'><em>35</em></span> <span class='ocrx_word' id='word_1_352' title='bbox 862 3567 917 3613; x_wconf 84' lang='lat' dir='ltr'><em>‘aut</em></span> <span class='ocrx_word' id='word_1_353' title='bbox 934 3565 993 3614; x_wconf 85' lang='lat' dir='ltr'><em>ldea</em></span> <span class='ocrx_word' id='word_1_354' title='bbox 1010 3566 1090 3612; x_wconf 80' lang='lat' dir='ltr'><em>mimas</em></span> <span class='ocrx_word' id='word_1_355' title='bbox 1101 3562 1227 3615; x_wconf 87' lang='lat' dir='ltr'><em>Messalla</em></span> <span class='ocrx_word' id='word_1_356' title='bbox 1243 3564 1365 3616; x_wconf 84' lang='lat' dir='ltr'><em>nitidus</em></span> <span class='ocrx_word' id='word_1_357' title='bbox 1382 3564 1442 3628; x_wconf 84' lang='lat' dir='ltr'><em>qaia</em></span> <span class='ocrx_word' id='word_1_358' title='bbox 1460 3576 1537 3628; x_wconf 75' lang='lat' dir='ltr'><em>preos-</em></span> 
     </span>
     <span class='ocr_line' id='line_1_34' title="bbox 388 3643 1535 3712; baseline -0.004 -13"><span class='ocrx_word' id='word_1_359' title='bbox 388 3650 445 3699; x_wconf 85' lang='lat' dir='ltr'><em>dam</em></span> <span class='ocrx_word' id='word_1_360' title='bbox 463 3656 530 3699; x_wconf 89' lang='lat' dir='ltr'><em>totos</em></span> <span class='ocrx_word' id='word_1_361' title='bbox 548 3649 645 3699; x_wconf 84' lang='lat' dir='ltr'><em>libellos</em></span> <span class='ocrx_word' id='word_1_362' title='bbox 662 3662 712 3698; x_wconf 90' lang='lat' dir='ltr'><em>non</em></span> <span class='ocrx_word' id='word_1_363' title='bbox 729 3646 814 3699; x_wconf 66' lang='lat' dir='ltr'><em>ambis</em></span> <span class='ocrx_word' id='word_1_364' title='bbox 831 3649 904 3698; x_wconf 85' lang='lat' dir='ltr'><em>moda</em></span> <span class='ocrx_word' id='word_1_365' title='bbox 922 3650 1039 3712; x_wconf 80' lang='lat' dir='ltr'><em>stupetis,</em></span> <span class='ocrx_word' id='word_1_366' title='bbox 1056 3650 1197 3698; x_wconf 84' lang='lat' dir='ltr'><em>sedetiam</em></span> <span class='ocrx_word' id='word_1_367' title='bbox 1214 3650 1307 3698; x_wconf 80' lang='lat' dir='ltr'><em>litteris</em></span> <span class='ocrx_word' id='word_1_368' title='bbox 1325 3649 1415 3699; x_wconf 62' lang='lat' dir='ltr'><em>dedit?</em></span> <span class='ocrx_word' id='word_1_369' title='bbox 1451 3647 1491 3701; x_wconf 80' lang='lat' dir='ltr'><em>ef.</em></span> <span class='ocrx_word' id='word_1_370' title='bbox 1511 3643 1535 3694; x_wconf 76' lang='lat' dir='ltr'>X</span> 
     </span>
     <span class='ocr_line' id='line_1_35' title="bbox 388 3731 1535 3798; baseline -0.002 -17"><span class='ocrx_word' id='word_1_371' title='bbox 388 3735 417 3795; x_wconf 85' lang='lat'><em>1,</em></span> <span class='ocrx_word' id='word_1_372' title='bbox 442 3734 490 3784; x_wconf 83' lang='lat'><em>113</em></span> <span class='ocrx_word' id='word_1_373' title='bbox 514 3738 557 3784; x_wconf 87' lang='lat' dir='ltr'><em>‘at</em></span> <span class='ocrx_word' id='word_1_374' title='bbox 581 3734 706 3784; x_wconf 85' lang='lat' dir='ltr'><em>Messalla</em></span> <span class='ocrx_word' id='word_1_375' title='bbox 729 3734 852 3783; x_wconf 82' lang='lat' dir='ltr'><em>nitidus</em></span> <span class='ocrx_word' id='word_1_376' title='bbox 876 3741 902 3782; x_wconf 92' lang='lat' dir='ltr'><em>et</em></span> <span class='ocrx_word' id='word_1_377' title='bbox 922 3734 1063 3783; x_wconf 87' lang='lat' dir='ltr'><em>candidas’</em></span> <span class='ocrx_word' id='word_1_378' title='bbox 1087 3748 1110 3784; x_wconf 89' lang='lat' dir='ltr'><em>e.</em></span> <span class='ocrx_word' id='word_1_379' title='bbox 1130 3748 1155 3798; x_wconf 88' lang='lat' dir='ltr'><em>q.</em></span> <span class='ocrx_word' id='word_1_380' title='bbox 1176 3748 1198 3785; x_wconf 84' lang='lat' dir='ltr'><em>a.</em></span> <span class='ocrx_word' id='word_1_381' title='bbox 1238 3734 1341 3784; x_wconf 89' lang='lat' dir='ltr'><em>Verum</em></span> <span class='ocrx_word' id='word_1_382' title='bbox 1363 3747 1399 3783; x_wconf 87' lang='lat' dir='ltr'><em>ne</em></span> <span class='ocrx_word' id='word_1_383' title='bbox 1422 3731 1535 3794; x_wconf 80' lang='lat' dir='ltr'><em>Quinti·</em></span> 
     </span>
     <span class='ocr_line' id='line_1_36' title="bbox 386 3816 1536 3883; baseline -0.003 -16"><span class='ocrx_word' id='word_1_384' title='bbox 386 3818 456 3868; x_wconf 89' lang='lat' dir='ltr'><em>liaui</em></span> <span class='ocrx_word' id='word_1_385' title='bbox 479 3817 587 3883; x_wconf 89' lang='lat' dir='ltr'><em>quidem</em></span> <span class='ocrx_word' id='word_1_386' title='bbox 605 3818 752 3868; x_wconf 88' lang='lat' dir='ltr'><em>memoriae</em></span> <span class='ocrx_word' id='word_1_387' title='bbox 771 3818 799 3867; x_wconf 92' lang='lat' dir='ltr'><em>in</em></span> <span class='ocrx_word' id='word_1_388' title='bbox 819 3816 871 3867; x_wconf 84' lang='lat' dir='ltr'><em>tuli</em></span> <span class='ocrx_word' id='word_1_389' title='bbox 890 3832 990 3868; x_wconf 82' lang='lat' dir='ltr'><em>caussa</em></span> <span class='ocrx_word' id='word_1_390' title='bbox 1008 3818 1089 3868; x_wconf 89' lang='lat' dir='ltr'><em>nimis</em></span> <span class='ocrx_word' id='word_1_391' title='bbox 1108 3816 1251 3868; x_wconf 87' lang='lat' dir='ltr'><em>confidam.</em></span> <span class='ocrx_word' id='word_1_392' title='bbox 1288 3817 1407 3868; x_wconf 84' lang='lat' dir='ltr'><em>Gravius</em></span> <span class='ocrx_word' id='word_1_393' title='bbox 1425 3816 1536 3881; x_wconf 87' lang='lat' dir='ltr'><em>quidem</em></span> 
     </span>
     <span class='ocr_line' id='line_1_37' title="bbox 387 3900 1535 3969; baseline -0.003 -17"><span class='ocrx_word' id='word_1_394' title='bbox 387 3902 460 3968; x_wconf 83' lang='lat' dir='ltr'><em>lapsi</em></span> <span class='ocrx_word' id='word_1_395' title='bbox 480 3908 544 3953; x_wconf 89' lang='lat' dir='ltr'><em>sunt</em></span> <span class='ocrx_word' id='word_1_396' title='bbox 568 3904 614 3967; x_wconf 90' lang='lat' dir='ltr'><em>qui</em></span> <span class='ocrx_word' id='word_1_397' title='bbox 633 3904 668 3953; x_wconf 86' lang='lat' dir='ltr'><em>ad</em></span> <span class='ocrx_word' id='word_1_398' title='bbox 686 3901 845 3953; x_wconf 87' lang='lat' dir='ltr'><em>Messallam</em></span> <span class='ocrx_word' id='word_1_399' title='bbox 865 3906 1002 3953; x_wconf 85' lang='lat' dir='ltr'><em>oratorem</em></span> <span class='ocrx_word' id='word_1_400' title='bbox 1022 3902 1107 3952; x_wconf 90' lang='lat' dir='ltr'><em>etiam</em></span> <span class='ocrx_word' id='word_1_401' title='bbox 1126 3902 1273 3967; x_wconf 79' lang='lat' dir='ltr'><em>auguralia</em></span> <span class='ocrx_word' id='word_1_402' title='bbox 1291 3903 1397 3969; x_wconf 83' lang='lat' dir='ltr'><em>scripta</em></span> <span class='ocrx_word' id='word_1_403' title='bbox 1419 3900 1535 3952; x_wconf 85' lang='lat' dir='ltr'><em>rettule-</em></span> 
     </span>
     <span class='ocr_line' id='line_1_38' title="bbox 388 3985 1534 4055; baseline -0.005 -17"><span class='ocrx_word' id='word_1_404' title='bbox 388 3992 452 4038; x_wconf 87' lang='lat' dir='ltr'><em>runt</em></span> <span class='ocrx_word' id='word_1_405' title='bbox 473 3989 585 4039; x_wconf 85' lang='lat' dir='ltr'><em>Vossius</em></span> <span class='ocrx_word' id='word_1_406' title='bbox 608 3986 642 4038; x_wconf 89' lang='lat' dir='ltr'><em>de</em></span> <span class='ocrx_word' id='word_1_407' title='bbox 666 3986 730 4037; x_wconf 86' lang='lat' dir='ltr'><em>hist.</em></span> <span class='ocrx_word' id='word_1_408' title='bbox 749 3988 815 4040; x_wconf 87' lang='lat' dir='ltr'><em>Lat.</em></span> <span class='ocrx_word' id='word_1_409' title='bbox 837 3988 851 4037; x_wconf 86' lang='lat' dir='ltr'><em>l</em></span> <span class='ocrx_word' id='word_1_410' title='bbox 874 3990 907 4038; x_wconf 88' lang='lat'><em>18</em></span> <span class='ocrx_word' id='word_1_411' title='bbox 928 4003 955 4055; x_wconf 81' lang='lat' dir='ltr'><em>P·</em></span> <span class='ocrx_word' id='word_1_412' title='bbox 975 3989 1015 4038; x_wconf 83' lang='grc'><em>89.</em></span> <span class='ocrx_word' id='word_1_413' title='bbox 1040 3987 1185 4039; x_wconf 87' lang='lat' dir='ltr'><em>Harlesins</em></span> <span class='ocrx_word' id='word_1_414' title='bbox 1208 3986 1313 4041; x_wconf 82' lang='lat' dir='ltr'><em>lntrod,</em></span> <span class='ocrx_word' id='word_1_415' title='bbox 1336 3988 1366 4037; x_wconf 94' lang='lat' dir='ltr'><em>in</em></span> <span class='ocrx_word' id='word_1_416' title='bbox 1387 3987 1468 4038; x_wconf 89' lang='lat' dir='ltr'><em>notit.</em></span> <span class='ocrx_word' id='word_1_417' title='bbox 1491 3985 1534 4035; x_wconf 83' lang='lat' dir='ltr'><em>lit.</em></span> 
     </span>
     <span class='ocr_line' id='line_1_39' title="bbox 387 4070 1577 4140; baseline -0.003 -17"><span class='ocrx_word' id='word_1_418' title='bbox 387 4088 453 4125; x_wconf 90' lang='lat' dir='ltr'><em>rom.</em></span> <span class='ocrx_word' id='word_1_419' title='bbox 467 4074 496 4123; x_wconf 93' lang='lat' dir='ltr'><em>II</em></span> <span class='ocrx_word' id='word_1_420' title='bbox 508 4089 536 4140; x_wconf 89' lang='lat' dir='ltr'><em>p.</em></span> <span class='ocrx_word' id='word_1_421' title='bbox 549 4074 607 4125; x_wconf 83' lang='grc'><strong>348.</strong></span> <span class='ocrx_word' id='word_1_422' title='bbox 627 4073 795 4135; x_wconf 76' lang='lat' dir='ltr'><em>Pausanias,</em></span> <span class='ocrx_word' id='word_1_423' title='bbox 814 4071 872 4131; x_wconf 87' lang='lat' dir='ltr'><em>alii,</em></span> <span class='ocrx_word' id='word_1_424' title='bbox 890 4076 966 4123; x_wconf 88' lang='lat' dir='ltr'><em>reete</em></span> <span class='ocrx_word' id='word_1_425' title='bbox 985 4073 1075 4123; x_wconf 86' lang='lat' dir='ltr'><em>notati</em></span> <span class='ocrx_word' id='word_1_426' title='bbox 1093 4090 1110 4123; x_wconf 85' lang='lat' dir='ltr'><em>a</em></span> <span class='ocrx_word' id='word_1_427' title='bbox 1121 4073 1226 4124; x_wconf 89' lang='lat' dir='ltr'><em>Wiesio</em></span> <span class='ocrx_word' id='word_1_428' title='bbox 1244 4072 1278 4125; x_wconf 87' lang='lat' dir='ltr'><em>de</em></span> <span class='ocrx_word' id='word_1_429' title='bbox 1295 4074 1333 4127; x_wconf 90' lang='lat' dir='ltr'><em>M.</em></span> <span class='ocrx_word' id='word_1_430' title='bbox 1344 4070 1451 4124; x_wconf 84' lang='lat' dir='ltr'><em>Valerii</em></span> <span class='ocrx_word' id='word_1_431' title='bbox 1462 4070 1535 4121; x_wconf 85' lang='lat' dir='ltr'><em>Mes·</em></span> <span class='ocrx_word' id='word_1_432' title='bbox 1574 4123 1577 4127; x_wconf 67' lang='grc'>,</span> 
     </span>
     <span class='ocr_line' id='line_1_40' title="bbox 388 4156 1536 4223; baseline -0.003 -15"><span class='ocrx_word' id='word_1_433' title='bbox 388 4157 477 4209; x_wconf 84' lang='lat' dir='ltr'><em>sellae</em></span> <span class='ocrx_word' id='word_1_434' title='bbox 497 4156 610 4211; x_wconf 82' lang='lat' dir='ltr'><em>Corvini</em></span> <span class='ocrx_word' id='word_1_435' title='bbox 627 4160 687 4208; x_wconf 86' lang='lat' dir='ltr'><em>rita</em></span> <span class='ocrx_word' id='word_1_436' title='bbox 707 4161 735 4207; x_wconf 89' lang='lat' dir='ltr'><em>et</em></span> <span class='ocrx_word' id='word_1_437' title='bbox 752 4156 823 4206; x_wconf 87' lang='lat' dir='ltr'><em>stud.</em></span> <span class='ocrx_word' id='word_1_438' title='bbox 837 4156 980 4209; x_wconf 87' lang='lat' dir='ltr'><em>doetrinae</em></span> <span class='ocrx_word' id='word_1_439' title='bbox 992 4158 1084 4209; x_wconf 90' lang='lat' dir='ltr'><em>Berol.</em></span> <span class='ocrx_word' id='word_1_440' title='bbox 1098 4158 1164 4209; x_wconf 75' lang='lat'>1829</span> <span class='ocrx_word' id='word_1_441' title='bbox 1176 4174 1202 4223; x_wconf 89' lang='lat' dir='ltr'><em>p.</em></span> <span class='ocrx_word' id='word_1_442' title='bbox 1216 4160 1257 4209; x_wconf 76' lang='lat' dir='ltr'><em>to.</em></span> <span class='ocrx_word' id='word_1_443' title='bbox 1282 4158 1341 4210; x_wconf 83' lang='lat' dir='ltr'><em>Nee</em></span> <span class='ocrx_word' id='word_1_444' title='bbox 1353 4172 1420 4209; x_wconf 82' lang='lat' dir='ltr'><em>sera</em></span> <span class='ocrx_word' id='word_1_445' title='bbox 1431 4156 1536 4206; x_wconf 87' lang='lat' dir='ltr'><em>maiore</em></span> 
     </span>
     <span class='ocr_line' id='line_1_41' title="bbox 388 4240 1535 4308; baseline -0.002 -16"><span class='ocrx_word' id='word_1_446' title='bbox 388 4245 448 4294; x_wconf 86' lang='lat' dir='ltr'><em>iure</em></span> <span class='ocrx_word' id='word_1_447' title='bbox 472 4242 526 4293; x_wconf 87' lang='lat' dir='ltr'><em>XII</em></span> <span class='ocrx_word' id='word_1_448' title='bbox 550 4242 707 4293; x_wconf 82' lang='lat' dir='ltr'><em>tabularum</em></span> <span class='ocrx_word' id='word_1_449' title='bbox 730 4240 807 4291; x_wconf 85' lang='lat' dir='ltr'><em>illam</em></span> <span class='ocrx_word' id='word_1_450' title='bbox 832 4242 1059 4308; x_wconf 83' lang='lat' dir='ltr'><em>explanationem</em></span> <span class='ocrx_word' id='word_1_451' title='bbox 1084 4248 1113 4293; x_wconf 86' lang='lat' dir='ltr'><em>et</em></span> <span class='ocrx_word' id='word_1_452' title='bbox 1134 4242 1219 4294; x_wconf 89' lang='lat' dir='ltr'><em>libros</em></span> <span class='ocrx_word' id='word_1_453' title='bbox 1243 4244 1277 4294; x_wconf 89' lang='lat' dir='ltr'><em>de</em></span> <span class='ocrx_word' id='word_1_454' title='bbox 1300 4244 1384 4295; x_wconf 81' lang='lat' dir='ltr'><em>dietis</em></span> <span class='ocrx_word' id='word_1_455' title='bbox 1410 4240 1535 4293; x_wconf 79' lang='lat' dir='ltr'><em>involuta</em></span> 
     </span>
     <span class='ocr_line' id='line_1_42' title="bbox 389 4326 1618 4393; baseline -0.003 -13"><span class='ocrx_word' id='word_1_456' title='bbox 389 4328 478 4380; x_wconf 83' lang='lat' dir='ltr'><em>eidem</em></span> <span class='ocrx_word' id='word_1_457' title='bbox 496 4326 639 4379; x_wconf 82' lang='lat' dir='ltr'><em>vindicant</em></span> <span class='ocrx_word' id='word_1_458' title='bbox 656 4326 729 4375; x_wconf 86' lang='lat' dir='ltr'><em>idem</em></span> <span class='ocrx_word' id='word_1_459' title='bbox 747 4326 895 4377; x_wconf 86' lang='lat' dir='ltr'><em>Harleaius</em></span> <span class='ocrx_word' id='word_1_460' title='bbox 913 4343 940 4393; x_wconf 93' lang='lat' dir='ltr'><em>p.</em></span> <span class='ocrx_word' id='word_1_461' title='bbox 953 4330 1002 4379; x_wconf 81' lang='grc'><em>347</em></span> <span class='ocrx_word' id='word_1_462' title='bbox 1022 4334 1050 4379; x_wconf 90' lang='lat' dir='ltr'><em>et</em></span> <span class='ocrx_word' id='word_1_463' title='bbox 1066 4328 1215 4379; x_wconf 81' lang='lat' dir='ltr'><em>Fischerus</em></span> <span class='ocrx_word' id='word_1_464' title='bbox 1228 4328 1318 4382; x_wconf 84' lang='lat' dir='ltr'><em>Tabb.</em></span> <span class='ocrx_word' id='word_1_465' title='bbox 1332 4328 1455 4379; x_wconf 81' lang='lat' dir='ltr'><em>chronol.</em></span> <span class='ocrx_word' id='word_1_466' title='bbox 1466 4342 1533 4377; x_wconf 86' lang='lat' dir='ltr'><em>rom.</em></span> <span class='ocrx_word' id='word_1_467' title='bbox 1617 4327 1618 4332; x_wconf 76' lang='grc'>’</span> 
     </span>
     <span class='ocr_line' id='line_1_43' title="bbox 388 4411 1618 4481; baseline -0.003 -17"><span class='ocrx_word' id='word_1_468' title='bbox 388 4428 415 4478; x_wconf 91' lang='lat' dir='ltr'><em>p.</em></span> <span class='ocrx_word' id='word_1_469' title='bbox 433 4415 499 4475; x_wconf 84' lang='grc'><em>363,</em></span> <span class='ocrx_word' id='word_1_470' title='bbox 519 4426 599 4477; x_wconf 85' lang='lat' dir='ltr'><em>quam</em></span> <span class='ocrx_word' id='word_1_471' title='bbox 617 4426 673 4461; x_wconf 84' lang='lat' dir='ltr'><em>rem</em></span> <span class='ocrx_word' id='word_1_472' title='bbox 693 4412 722 4460; x_wconf 92' lang='lat' dir='ltr'><em>iu</em></span> <span class='ocrx_word' id='word_1_473' title='bbox 740 4412 830 4463; x_wconf 87' lang='lat' dir='ltr'><em>medio</em></span> <span class='ocrx_word' id='word_1_474' title='bbox 847 4412 980 4477; x_wconf 88' lang='lat' dir='ltr'><em>relinquit</em></span> <span class='ocrx_word' id='word_1_475' title='bbox 998 4413 1119 4464; x_wconf 85' lang='lat' dir='ltr'><em>Wieaius</em></span> <span class='ocrx_word' id='word_1_476' title='bbox 1136 4413 1155 4466; x_wconf 93' lang='lat' dir='ltr'><em>l.</em></span> <span class='ocrx_word' id='word_1_477' title='bbox 1169 4428 1192 4464; x_wconf 79' lang='lat' dir='ltr'><em>a</em></span> <span class='ocrx_word' id='word_1_478' title='bbox 1212 4414 1329 4466; x_wconf 89' lang='lat' dir='ltr'><em>Omnino</em></span> <span class='ocrx_word' id='word_1_479' title='bbox 1347 4411 1534 4481; x_wconf 73' lang='lat' dir='ltr'><em>grammaticis</em></span> <span class='ocrx_word' id='word_1_480' title='bbox 1617 4465 1618 4478; x_wconf 26' lang='lat'>2</span> 
     </span>
     <span class='ocr_line' id='line_1_44' title="bbox 390 4494 1534 4564; baseline 0 -18"><span class='ocrx_word' id='word_1_481' title='bbox 390 4497 488 4547; x_wconf 86' lang='lat' dir='ltr'><em>studiis</em></span> <span class='ocrx_word' id='word_1_482' title='bbox 506 4494 666 4545; x_wconf 84' lang='lat' dir='ltr'><em>Messallam</em></span> <span class='ocrx_word' id='word_1_483' title='bbox 686 4494 832 4548; x_wconf 86' lang='lat' dir='ltr'><em>Corvinum</em></span> <span class='ocrx_word' id='word_1_484' title='bbox 851 4524 885 4535; x_wconf 87' lang='lat'><em>-</em></span> <span class='ocrx_word' id='word_1_485' title='bbox 903 4512 984 4563; x_wconf 89' lang='lat' dir='ltr'><em>quem</em></span> <span class='ocrx_word' id='word_1_486' title='bbox 1002 4498 1174 4550; x_wconf 79' lang='lat' dir='ltr'><em>‘Corvinum’</em></span> <span class='ocrx_word' id='word_1_487' title='bbox 1193 4498 1359 4564; x_wconf 86' lang='lat' dir='ltr'><em>simplieiter</em></span> <span class='ocrx_word' id='word_1_488' title='bbox 1376 4500 1477 4549; x_wconf 76' lang='lat' dir='ltr'><em>Festus</em></span> <span class='ocrx_word' id='word_1_489' title='bbox 1495 4497 1534 4547; x_wconf 88' lang='lat' dir='ltr'><em>di-</em></span> 
     </span>
     <span class='ocr_line' id='line_1_45' title="bbox 391 4571 1618 4651; baseline -0.001 -19"><span class='ocrx_word' id='word_1_490' title='bbox 391 4584 429 4632; x_wconf 88' lang='lat' dir='ltr'><em>eit</em></span> <span class='ocrx_word' id='word_1_491' title='bbox 446 4598 472 4651; x_wconf 90' lang='lat' dir='ltr'><em>p.</em></span> <span class='ocrx_word' id='word_1_492' title='bbox 490 4582 541 4631; x_wconf 73' lang='grc'><em>339</em></span> <span class='ocrx_word' id='word_1_493' title='bbox 558 4606 592 4617; x_wconf 87' lang='lat'>-</span> <span class='ocrx_word' id='word_1_494' title='bbox 609 4596 720 4645; x_wconf 85' lang='lat' dir='ltr'><em>operam</em></span> <span class='ocrx_word' id='word_1_495' title='bbox 739 4598 859 4635; x_wconf 79' lang='lat' dir='ltr'><em>navasse</em></span> <span class='ocrx_word' id='word_1_496' title='bbox 878 4583 988 4634; x_wconf 82' lang='lat' dir='ltr'><em>aliunde</em></span> <span class='ocrx_word' id='word_1_497' title='bbox 1012 4599 1067 4635; x_wconf 92' lang='lat' dir='ltr'><em>non</em></span> <span class='ocrx_word' id='word_1_498' title='bbox 1091 4584 1221 4635; x_wconf 80' lang='lat' dir='ltr'><em>discimus</em></span> <span class='ocrx_word' id='word_1_499' title='bbox 1238 4599 1328 4650; x_wconf 81' lang='lat' dir='ltr'><em>neque</em></span> <span class='ocrx_word' id='word_1_500' title='bbox 1347 4600 1409 4637; x_wconf 87' lang='lat' dir='ltr'><em>eam</em></span> <span class='ocrx_word' id='word_1_501' title='bbox 1426 4585 1455 4632; x_wconf 92' lang='lat' dir='ltr'><em>iu</em></span> <span class='ocrx_word' id='word_1_502' title='bbox 1473 4597 1534 4649; x_wconf 87' lang='lat' dir='ltr'><em>par·</em></span> <span class='ocrx_word' id='word_1_503' title='bbox 1616 4571 1618 4644; x_wconf 72' lang='lat' dir='ltr'><em>l</em></span> 
     </span>
    </p>
   </div>
   <div class='ocr_carea' id='block_1_5' title="bbox 0 0 1723 5409">
    <p class='ocr_par' dir='ltr' id='par_1_5' title="bbox 0 0 1723 5409">
     <span class='ocr_line' id='line_1_46' title="bbox 0 0 1723 5409; baseline 0 0"><span class='ocrx_word' id='word_1_504' title='bbox 0 0 1723 5409; x_wconf 95' lang='lat' dir='ltr'><em> </em></span> 
     </span>
    </p>
   </div>
  </div>
 </body>
</html>
