3409 5409
449 532 497 581 on
519 531 704 583 nvonncnr
727 496 941 583 rravnsavu
962 534 1136 583 nnnoma
1332 520 1371 584 11

226 694 350 759 factam
370 698 492 755 metere
512 710 611 776 quam
630 687 674 753 ad
694 688 785 774 ipsos
805 688 914 754 fontes
935 688 1041 754 denuo
1062 689 1169 755 redire
1195 688 1373 757 malebant.

227 795 317 877 Quin
338 794 404 857 iam
425 790 617 857 Ciceronem
636 788 722 855 hanc
741 790 789 855 eis
810 790 900 855 viam
920 790 1102 878 praeivisse
1127 791 1164 856 in
1188 790 1374 858 enarranda

225 896 297 981 lege
323 894 439 962 videor
458 892 539 958 mihi
561 890 785 957 demonstrare
804 914 913 979 posse.
954 892 1040 959 Nam
1061 893 1150 981 quod
1172 894 1310 981 protulit
1330 894 1372 959 de

226 997 287 1083 leg.
305 995 406 1081 1124,
422 994 465 1061 60
501 996 576 1059 ‘Illa
595 999 656 1059 sum
676 1000 857 1073 clarificatio
870 1006 913 1061 est
928 1000 1031 1061 laudis
1043 1008 1219 1061 uuumema
1233 1001 1278 1061 ud
1292 1015 1372 1061 mor-

228 1112 292 1165 tuos
304 1104 470 1180 percum,
492 1100 574 1177 quod
592 1116 733 1163 emonam
755 1103 864 1163 virtute
879 1112 1002 1179 portam
1021 1109 1052 1164 et
1063 1105 1093 1163 et
1105 1106 1157 1178 qur·
1165 1105 1333 1181 peperisset
1344 1110 1377 1165 et

226 1209 291 1268 eius
301 1206 426 1283 parente·
437 1206 502 1266 siae
512 1202 630 1276 froude
644 1218 707 1264 esse
720 1206 772 1265 lea
787 1206 954 1281 impositam
968 1205 1075 1267 acer.-
1098 1222 1160 1267 nec
1174 1200 1375 1288 potestinde
1460 1285 1462 1288 Ι
1496 1288 1500 1296 Ι

228 1306 332 1393 petite
353 1325 425 1369 esse
445 1301 573 1389 plenior
587 1300 688 1365 Plinii
703 1301 883 1389 descriptio
900 1303 943 1369 N.
958 1303 1004 1369 H.
1019 1302 1107 1369 XXI
1121 1303 1153 1386 5,
1170 1302 1189 1367 l
1217 1307 1308 1369 ‘Inde
1322 1310 1376 1368 r'llu

228 1410 300 1471 XII
311 1410 482 1471 tumorum
496 1410 566 1470 lec:
590 1406 677 1480 “Ora
690 1424 832 1469 coronam
841 1412 930 1486 perit
943 1412 1007 1486 ipse
1017 1412 1185 1485 pecuniave
1197 1412 1262 1472 eius
1276 1410 1375 1469 uirtu-

229 1516 302 1575 tisue
323 1528 412 1588 nuo,
433 1510 576 1571 urantur
594 1512 657 1571 ct’.
695 1510 790 1583 Qum
810 1513 892 1572 suut
909 1515 1012 1587 eqsaue
1031 1514 1219 1586 mentiretur,
1242 1512 1376 1588 pecunie

223 1620 349 1692 portum
364 1616 429 1688 leue
443 1612 506 1673 dccc·
517 1627 602 1672 mmo
618 1612 770 1673 dubitavit.
816 1611 889 1684 Quis
907 1630 980 1688 eruo
997 1611 1110 1675 lcum?
1131 1620 1165 1675 ut
1183 1616 1243 1689 ipsi
1260 1619 1376 1683 mutuo

224 1714 525 1794 parentibusque
546 1716 644 1783 etur,
665 1714 738 1776 dum
758 1716 837 1775 intus
860 1719 974 1792 positus
995 1723 1071 1778 esset
1087 1715 1202 1789 forisve
1220 1716 1374 1790 furetur,

228 1822 309 1881 siue
320 1817 467 1893 fraude
481 1823 578 1877 esset
590 1819 787 1893 iupositu’,
803 1834 866 1879 nec
878 1812 963 1879 mira
977 1815 1063 1880 inter
1075 1823 1251 1902 utrumqne
1266 1813 1374 1880 locum

228 1916 428 2005 conspiratio
449 1914 609 2004 explicari
629 1915 693 1981 nisi
715 1936 883 1981 sumamus
905 1926 939 1982 et
958 1917 1150 1984 Ciceronem
1177 1926 1211 1983 ot
1230 1916 1375 1983 Plinium

227 2020 375 2085 eiusdem
389 2018 534 2083 auctoris
542 2018 685 2103 vestigia
699 2017 878 2105 pressisse:
893 2040 1033 2107 eumque
1039 2018 1174 2085 Aelium
1186 2018 1302 2101 fuisse,
1318 2019 1375 2106 qui
1409 2066 1412 2072 -

228 2120 317 2209 apud
333 2118 526 2187 Ciceronem
545 2122 661 2208 paucis
677 2120 829 2212 versibus
845 2129 922 2186 ante
937 2121 1059 2187 citatur
1073 2121 1117 2187 ad
1132 2121 1263 2187 ‘lessus’
1279 2143 1375 2188 voca·

227 2222 297 2290 buli
311 2224 476 2289 notionem
490 2222 730 2309 expediendam
745 2260 787 2271 —
802 2224 856 2289 cui
876 2224 1030 2291 convenit
1043 2224 1142 2290 etiam
1156 2224 1249 2291 vocis
1265 2231 1375 2311 ‘pecn-

229 2325 297 2390 nia’
314 2324 402 2412 apud
417 2323 561 2389 Plinium
582 2325 812 2412 interpretatio
828 2362 870 2373 —
885 2324 1042 2412 proclivis
1057 2326 1246 2393 coniectura
1259 2335 1319 2391 est.
1334 2360 1377 2375 -

228 2428 339 2513 Atque
358 2425 501 2491 similem
521 2424 556 2489 in
578 2424 713 2493 modum
732 2428 837 2515 ipsius
853 2414 1021 2494 Ciceronis
1040 2429 1145 2495 verba
1158 2450 1202 2495 ex
1215 2450 1264 2495 or.
1279 2426 1376 2497 Milo-

229 2529 327 2593 niana
346 2529 385 2612 3,
408 2517 437 2593 9'
455 2533 574 2609 ‘quodsi
593 2533 665 2593 ΧΙΙ
682 2534 801 2595 rotulae
826 2544 1003 2595 nocturnum
1019 2534 1125 2608 suem
1144 2550 1260 2610 quouuo
1280 2535 1376 2609 modo,

229 2636 371 2697 curcum
385 2640 487 2696 uuum
501 2636 529 2696 si
541 2652 573 2697 se
587 2638 642 2697 telo
658 2636 836 2711 defeudmt
847 2638 977 2722 interfici
990 2638 1111 2713 impune
1124 2640 1295 2713 suerunt,
1310 2639 1378 2711 qua

228 2745 293 2798 ost.
312 2780 320 2797 .
337 2739 358 2795 .'
375 2731 621 2831 descripserunt
637 2732 860 2815 Quintilianus
870 2730 903 2797 V
920 2734 970 2816 14,
988 2736 1027 2799 18
1042 2742 1076 2799 et
1090 2744 1206 2801 auctor
1221 2733 1377 2801 Collatia·

228 2836 279 2900 nis
295 2834 405 2921 legum
419 2835 638 2903 Moesicarum
655 2845 688 2901 et
701 2836 925 2902 Romanarum
935 2836 1004 2903 VII
1020 2839 1050 2921 1,
1065 2838 1180 2924 poncia
1195 2837 1376 2903 immutatis

228 2936 263 3003 in
279 2960 373 3003 suum
387 2960 483 3003 usum
498 2948 668 3004 verterunt
683 2938 808 3005 Seneca
823 2938 980 3005 Controv.
993 2960 1065 3005 exc.
1077 2939 1112 3004 Χ
1123 2940 1155 3023 6,
1169 2940 1202 3023 4,
1218 2949 1252 3006 et
1262 2941 1375 3024 Angu-

229 3040 333 3106 stinus
349 3039 485 3121 Quaest.
500 3041 536 3104 in
551 3039 686 3127 Heptet.
702 3040 795 3107 1184
812 3037 910 3127 (Tab.
925 3040 1013 3132 VIII
1030 3041 1069 3105 11
1084 3042 1161 3129 sq.).
1241 3045 1246 3050 ’

312 3141 452 3209 Omnino
468 3151 578 3207 autem
594 3142 672 3207 inde
686 3164 707 3207 a
721 3143 835 3229 primis
850 3144 1087 3230 imperatorum
1102 3144 1305 3231 temporibus
1317 3142 1373 3209 lex

227 3244 301 3331 ipsa
321 3266 419 3331 quam
441 3264 507 3308 non
528 3242 626 3310 solita
647 3244 691 3309 sit
710 3245 753 3335 in
771 3243 947 3311 consilium
969 3245 1100 3329 vocari,
1127 3247 1252 3332 insigni
1277 3246 1373 3333 lapsu

206 3331 354 3411 ‘Plinius
375 3343 487 3432 prodit
507 3345 549 3410 N.
570 3344 614 3411 Η.
630 3346 700 3411 VII
720 3347 779 3429 60,
800 3346 865 3411 212
887 3357 996 3413 ortum
1016 3356 1146 3413 tantum
1167 3358 1201 3415 et
1221 3370 1376 3415 occasum

216 3445 308 3513 'solis
323 3447 358 3511 in
372 3445 444 3511 XII
458 3447 623 3512 nominari
630 3458 738 3533 „post
758 3447 887 3537 aliquot
901 3470 1004 3542 annos
1019 3447 1184 3515 adiectum
1203 3449 1375 3516 meridiem

229 3570 301 3614 esse
322 3548 491 3615 dictitans:
518 3547 636 3635 quibus
660 3550 836 3616 manifesto
858 3550 1068 3636 refragantur
1087 3551 1191 3617 verba
1206 3551 1277 3617 XII
1293 3556 1376 3617 ‘uerte

126 3698 138 3712 .
227 3654 381 3715 mendum
409 3669 549 3716 carneum
577 3657 738 3717 coiciuuto'
764 3660 798 3718 et
823 3660 905 3733 ‘post
932 3657 1087 3718 mertuum
1110 3660 1270 3734 praesenti
1294 3660 1375 3721 litem

229 3757 378 3819 adduito’
394 3752 411 3819 I
427 3753 445 3817 7
463 3774 523 3840 sq„
545 3774 583 3819 ac
603 3753 784 3821 cumulavit
799 3777 942 3821 errorem
956 3755 1040 3823 miro
1055 3756 1239 3843 patrocinio
1251 3756 1375 3824 Gotho·

227 3854 340 3921 fredus
355 3855 391 3921 in
405 3854 504 3923 Notis
520 3858 612 3924 brev.
628 3858 671 3923 ad
687 3857 793 3943 legem
807 3879 835 3924 c.
861 3856 955 3943 (Otto
967 3856 1157 3925 Thesaurus
1168 3858 1223 3925 III
1233 3881 1265 3946 p.
1280 3859 1373 3944 160):

228 3980 291 4045 quo
314 3980 356 4023 ne
378 3958 566 4025 Dirksenus
589 3960 721 4048 quidem
742 3960 904 4027 abstinuit
926 3959 1040 4045 (Legis
1056 3959 1128 4029 XII
1147 3960 1240 4027 tsbb.
1256 3961 1374 4047 fragm.

228 4082 259 4146 p.
284 4059 370 4143 178).
408 4059 520 4126 Etiam
542 4064 647 4149 magis
668 4060 863 4148 castiganda
882 4070 933 4126 est
958 4062 1252 4127 iureconsultomm
1276 4063 1311 4127 in
1336 4084 1374 4128 eo

228 4184 347 4248 genere
370 4162 532 4229 socordia.
567 4164 653 4229 Nam
673 4186 871 4252 quamquam
891 4186 997 4250 neque
1011 4164 1177 4231 Antistius
1192 4164 1373 4231 Labeone

229 4286 291 4353 que
303 4263 422 4329 Ateius
435 4263 551 4352 Capito
567 4265 739 4331 defuerant
753 4266 819 4353 legi
831 4265 903 4332 XII
917 4264 1121 4349 tractandae,
1136 4275 1247 4331 tamen
1262 4290 1374 4333 eornm

171 4366 173 4371 ’
230 4376 408 4433 sectatores
429 4366 663 4454 magistrorum
684 4369 914 4435 auctoritatem
933 4369 968 4433 in
993 4368 1112 4434 ceteris
1137 4369 1206 4433 acri
1230 4370 1375 4456 partium

229 4468 338 4535 studio
359 4480 525 4537 servatam
546 4470 580 4535 in
600 4470 661 4535 hac
683 4494 718 4537 re
732 4492 868 4559 prorsus
884 4468 1137 4557 dereliquerunt.
1169 4469 1235 4554 Qui
1249 4494 1324 4538 cum
1338 4473 1373 4537 in

91 4598 111 4627 ν
227 4572 309 4637 iuris
331 4570 481 4638 doctrina
499 4570 698 4660 expolienda
717 4595 845 4639 summa
865 4591 939 4639 cnm
954 4572 1134 4639 certatione
1149 4583 1371 4658 versarentur,
