3409 5409
357 520 405 565 na
427 520 479 566 xu
502 520 716 569 ranvassvu
738 520 915 579 aaarovus
938 518 1226 569 ocusrrrvsunrs.
1325 503 1366 569 93

218 696 290 739 rum
304 674 422 741 libido:
445 696 517 739 cum
533 678 689 752 ‘feriatur'
705 674 867 739 Rivallius
875 722 884 758 ,
901 675 1055 741 Cuiaoius
1073 673 1130 757 al,
1152 678 1297 751 ‘suatur'
1314 662 1364 741 S'i-

217 778 347 863 gonius,
362 781 468 854 ‘seret’
484 778 618 866 quidam
634 778 723 866 apud
734 778 924 845 Turnebum
934 777 1020 843 Adv.
1033 777 1123 843 XIII
1134 778 1188 861 26,
1204 782 1365 855 ‘sumetur’

218 882 393 949 Turnebus
409 880 455 946 ib.
471 892 504 947 et
519 880 642 946 XXIX
659 881 755 945 14-
770 884 857 958 ‘furi
874 885 973 945 iutur’
994 880 1077 945 adeo
1099 878 1277 945 Salmasius
1299 879 1365 946 Ob-

218 1006 304 1049 serr.
326 982 369 1048 ad
390 982 442 1047 ius
463 982 534 1050 Att.
555 983 582 1048 c.
599 984 643 1049 30
662 992 896 1070 proponerent:
923 981 979 1069 qui
1001 980 1174 1047 cumulatis
1200 982 1365 1047 erroribus

218 1086 334 1151 turbas
359 1093 525 1149 auxerrmt
549 1084 658 1173 potius
687 1106 785 1173 quam
815 1094 1079 1171 composuerunt.
1120 1082 1190 1147 Nec
1218 1084 1366 1171 profecto

219 1187 404 1275 composuit
417 1186 600 1273 Bergkius,
616 1188 674 1275 qui
687 1208 792 1275 nuper
806 1188 841 1251 in
855 1184 974 1251 Philol.
990 1184 1078 1251 XXI
1093 1208 1125 1273 p.
1141 1184 1202 1251 591
1224 1184 1295 1251 luxi
1316 1208 1365 1250 sa-

218 1290 321 1354 nandi
341 1290 526 1356 cantionem
547 1288 637 1376 apud
657 1290 816 1355 Catonem
831 1312 858 1353 r.
874 1311 900 1353 r.
920 1288 981 1353 160
995 1288 1230 1375 interpretatus
1245 1288 1280 1351 in
1300 1286 1365 1353 for-

219 1412 347 1455 marum
375 1395 489 1457 ‘durrus
514 1396 677 1457 durdurres
701 1394 871 1456 uenturies'
901 1391 1178 1477 comparationem
1205 1393 1365 1466 ‘furiatus'

219 1515 350 1581 quoque
365 1496 501 1561 vocarit
515 1504 552 1559 ut
567 1493 753 1579 optativum
772 1493 884 1559 nescio
905 1514 1003 1578 quern
1023 1492 1192 1577 praeteriti
1212 1491 1365 1559 liberiore

218 1618 282 1659 usu
296 1596 452 1681 positum,
467 1618 563 1683 quem
577 1617 672 1660 usum
688 1596 723 1659 in
736 1593 1019 1661 condicionalibus
1035 1594 1177 1659 maxime
1194 1595 1365 1661 sententiis

220 1697 343 1762 diutius
359 1720 457 1784 quam
472 1697 572 1784 vulgo
587 1707 753 1763 statuatur
772 1697 933 1763 mansisse
949 1696 1125 1761 adseverat
1139 1720 1196 1761 -ε
1219 1718 1303 1782 quae
1325 1696 1365 1761 de

218 1798 350 1885 tripode
364 1799 455 1865 edita
469 1801 628 1866 confiteor
641 1821 716 1864 mea
730 1799 801 1864 acie
816 1820 888 1864 esse
903 1798 1121 1886 impeditiora.
1149 1798 1263 1885 Neque
1279 1800 1364 1865 enim

218 1905 375 1978 ‘ferietur'
384 1904 437 1967 cui
449 1901 647 1989 respondeat
662 1906 789 1967 ‘devies’
801 1912 834 1967 et
849 1902 935 1989 quod
947 1912 1116 1989 praetcrea
1127 1900 1223 1965 affert
1234 1908 1364 1965 ‘essem’

219 2025 262 2068 ex
278 2005 402 2069 ‘esiem’
419 2006 535 2085 ‘ectus’
551 2005 573 2070 i.
591 2028 620 2069 e.
641 2004 734 2084 ‘einr’
750 2012 865 2069 natum
878 2004 937 2087 (2),
953 2005 986 2067 in
994 2002 1096 2068 Gellii
1110 2002 1204 2069 libris
1220 2010 1313 2069 extat
1323 2042 1365 2053 -·-

218 2106 343 2171 inferre
362 2106 494 2193 quidem
514 2105 666 2172 voluerat
686 2104 982 2193 Bynkershoekius
1001 2104 1099 2171 Obss.
1115 2104 1297 2171 v1125-
1311 2128 1364 2171 ue-

218 2230 283 2295 que
298 2208 459 2274 eiusmodi
474 2208 616 2295 optativi
626 2207 694 2272 ulla
708 2208 743 2271 in
761 2206 834 2293 lege
849 2206 994 2292 vestigia
1008 2216 1178 2293 apparent.
1215 2206 1292 2273 Alia
1306 2206 1365 2291 igi-

218 2320 275 2374 tur
288 2310 464 2397 explicatio
479 2309 774 2396 circumspicienda
789 2312 866 2374 erit:
885 2320 983 2397 atque
999 2330 1072 2375 eum
1087 2309 1302 2375 indicativum
1317 2310 1365 2373 in·

219 2410 331 2497 tellegi
345 2435 480 2478 neeesse
495 2414 550 2495 sit,
566 2411 610 2477 ad
625 2412 642 2476 1
645 2412 804 2477 ariandi
819 2411 957 2477 verbum
972 2412 1061 2499 quod
1076 2433 1118 2476 ex
1133 2411 1150 2475 1
1153 2411 1247 2476 andi
1263 2412 1365 2497 stirpe

219 2515 389 2580 derivetur
403 2514 605 2581 devehimur.
643 2514 705 2579 Oui
726 2514 829 2581 verbo
849 2511 984 2577 aliunde
1004 2534 1069 2579 non
1090 2515 1220 2598 cognito
1243 2513 1366 2579 dixerit

218 2616 385 2703 quispiam
398 2616 487 2682 haud
500 2617 608 2683 levem
623 2617 851 2682 auctoritatem
866 2636 1052 2681 accrescere
1063 2637 1106 2681 ex
1116 2616 1242 2681 Donati
1253 2616 1364 2681 verbis

219 2717 264 2782 ad
278 2718 426 2784 Terentii
441 2718 671 2785 Phormionem
686 2718 736 2783 IV
749 2719 789 2800 4,
804 2717 846 2782 28
872 2722 1018 2783 ‘aceruus
1032 2724 1142 2797 estqui
1154 2724 1256 2783 divina
1270 2733 1365 2783 mente

218 2826 418 2886 runcinutur:
444 2826 541 2887 dictus
559 2828 695 2886 homolus
716 2828 804 2900 quusi
825 2825 995 2897 feriolus
1020 2824 1137 2897 usulis
1156 2832 1185 2885 et
1209 2843 1229 2885 u
1251 2825 1361 2899 sareda,

217 2944 286 2987 rum
301 2928 399 3003 Fpro
412 2929 445 2986 H
455 2934 486 2988 et
498 2932 566 2989 ilem
580 2930 615 2988 H
621 2945 681 3005 pro
695 2930 724 2987 F
740 2932 772 2987 in
792 2930 893 2988 mullis
912 2928 1105 2989 locutionibus
1121 2931 1276 3002 ponatur!
1313 2926 1364 2989 Ao

218 3046 335 3113 reapse
359 3027 510 3093 extitisse
530 3028 670 3092 formam
685 3031 846 3104 ‘feriolus’
864 3027 1039 3091 Terentius
1062 3026 1204 3093 Scaurus
1225 3034 1366 3093 testetur

219 3149 252 3213 p.
266 3126 362 3192 2250.
377 3128 462 3193 2252
477 3128 514 3193 Ρ.
537 3139 571 3194 et
591 3128 700 3197 Gloss.
722 3128 800 3195 Vat.
822 3128 870 3193 VI
891 3150 924 3215 p.
942 3127 1006 3193 524
1024 3126 1071 3195 M.
1095 3132 1237 3206 ‘feriolus
1256 3135 1363 3195 Ιιανὶο-

218 3236 294 3292 {us’:
319 3230 407 3294 unde
429 3231 664 3296 Schweuckius
685 3254 815 3319 quoque
835 3230 916 3295 Lex.
938 3229 1072 3317 etymol.
1095 3254 1127 3317 p.
1148 3234 1227 3316 311,
1248 3234 1312 3299 260
1331 3244 1364 3299 et

220 3330 385 3397 Christian
400 3332 518 3398 Philol.
529 3333 652 3400 XVIII
666 3335 727 3398 174
741 3332 879 3397 eandem
894 3332 990 3397 huius
1006 3334 1098 3399 vocis
1114 3335 1362 3419 originationem

219 3456 418 3521 quamquam
432 3436 581 3520 neglecto
587 3436 712 3502 Donati
726 3435 798 3500 loco
812 3458 926 3499 rursus
941 3434 1158 3521 protulerunt.
1183 3437 1286 3523 Atqui
1303 3437 1363 3502 hoc

220 3546 253 3601 et
267 3536 364 3601 nimis
379 3537 540 3603 incertum
555 3548 606 3604 cst
620 3548 654 3603 et
667 3538 768 3603 habet
782 3560 846 3623 quo
863 3536 1050 3623 displiceat:
1074 3559 1148 3602 cum
1167 3538 1361 3603 vocabulum

220 3636 400 3721 ‘hariolus'‚
416 3641 452 3703 in
467 3662 530 3726 quo
545 3662 638 3705 suam
653 3643 720 3706 vim
736 3640 894 3727 aspiratio
909 3640 1037 3721 retinet,
1053 3638 1250 3706 nullomodo
1266 3640 1364 3705 liceat

219 3762 373 3826 separare
388 3741 430 3806 ab
445 3740 634 3829 ‘haruspex'
655 3744 726 3809 sive
741 3742 921 3829 ‘harispex'
945 3740 1002 3827 (cf.
1020 3740 1135 3807 Orellii
1149 3743 1251 3810 Inscr.
1267 3742 1362 3807 2294.

218 3842 351 3929 22989)
365 3866 449 3930 quae
464 3846 508 3911 ad
523 3846 658 3931 stirpem
672 3846 789 3929 ‘hara',
806 3846 915 3927 ‘hira’,
930 3843 1104 3929 (=xoldc,
1120 3846 1223 3931 χόλιξ)
1236 3846 1294 3912 i.e.
1304 3847 1362 3909 ‘in-

218 3944 350 4010 testina’
368 3944 568 4030 (Macrobius
584 3969 699 4015 comm.
720 3950 756 4013 in
770 3971 876 4013 somn.
892 3947 944 4013 Sc.
963 3950 996 4030 1,
1013 3950 1049 4031 6,
1066 3950 1117 4013 77.
1139 3948 1263 4013 Paulus
1279 3948 1362 4013 Exc.

219 4068 262 4111 ex
276 4047 366 4134 Rp.
386 4049 455 4113 101.
479 4050 589 4117 Gloss.
611 4051 716 4117 Labb.
733 4050 849 4137 Plau),
872 4051 942 4115 iure
964 4051 1134 4117 revocavit
1150 4051 1361 4117 Aulreolrtius

218 4148 253 4211 in
278 4149 404 4213 Kulsnii
431 4151 551 4217 Annal.
574 4153 653 4237 ling.
676 4174 781 4240 comp.
802 4154 856 4219 III
879 4177 912 4240 p.
936 4154 995 4219 198
1018 4176 1066 4240 sq.
1099 4154 1142 4218 cf.
1166 4156 1208 4219 G.
1231 4154 1362 4218 Curtius

219 4249 330 4335 Etym.
347 4274 396 4337 gr.
414 4252 506 4318 elem.
523 4256 539 4317 I
557 4255 628 4318 170.
650 4256 830 4321 Corssenus
846 4256 959 4342 Symb.
976 4256 1048 4322 crit.
1065 4278 1096 4342 p.
1111 4256 1183 4320 213.
1207 4255 1279 4321 Non
1295 4275 1362 4321 rna·

220 4406 420 4419 -——-—.....-..

287 4492 311 4560 ¹)
329 4496 428 4547 ‘Arioli
447 4500 475 4546 et
493 4496 646 4562 aruspices’
665 4498 815 4563 iunguntur
832 4496 924 4550 Plaut.
943 4496 1039 4563 llmplr.
1059 4497 1081 4549 V
1099 4500 1123 4555 2,
1143 4499 1167 4549 2.
1187 4497 1244 4549 llil.
1265 4498 1300 4563 gl.
1320 4498 1361 4549 lli

222 4576 246 4639 1,
265 4582 306 4631 99.
325 4581 436 4631 Terent.
455 4581 563 4632 Phorm.
583 4582 622 4632 IV
639 4584 664 4641 4,
682 4584 724 4632 27.
743 4583 841 4634 Cicero
860 4583 892 4633 de
911 4589 969 4632 nat.
987 4583 1023 4631 D.
1041 4584 1053 4633 l
1073 4586 1114 4647 ⁶20,
1133 4584 1174 4635 55.
