3409 5409
557 1430 729 1509 eapvu
756 1430 969 1509 Peluvu.

286 1656 349 1750 DE
384 1652 633 1751 DVODEOIM
667 1653 971 1750 TABVLARVM
1005 1652 1234 1751 MEMORIA.

275 1912 348 1977 Lex
369 1908 543 2002 duodecim
569 1909 756 1977 tabularum
781 1934 802 1975 a
822 1908 1020 1977 decemviris
1040 1933 1072 1976 a.
1092 1931 1125 1975 u.
1147 1906 1341 1977 occule

191 2011 325 2079 ccclv
344 2012 494 2095 condita,
516 2034 546 2077 a.
563 2011 678 2079 OOCV
700 2012 739 2077 L.
754 2011 890 2079 Valerio
911 2012 957 2078 Μ.
979 2012 1119 2079 Horatio
1141 2033 1208 2077 coe.
1228 2012 1263 2075 in
1284 2032 1340 2075 aee

192 2114 298 2181 ineisa
314 2114 446 2201 publice
467 2116 636 2202 proposita
655 2124 706 2181 eet
725 2114 858 2199 (Livius
873 2115 927 2181 III
944 2116 996 2195 et,
1014 2115 1064 2180 10.
1086 2112 1255 2181 Diodorus
1271 2110 1343 2177 XII

192 2216 260 2302 26).
298 2216 364 2283 Sed
386 2225 462 2303 poet
481 2238 584 2283 annae
606 2216 780 2303 sexaginta
808 2226 906 2304 eapta
927 2240 948 2282 a
968 2215 1075 2282 Gallie
1100 2216 1183 2282 urbe
1208 2214 1341 2283 tabulae

194 2338 316 2383 aeneae
331 2318 403 2384 eive
418 2317 569 2384 incendio
585 2318 780 2405 absumptae
794 2318 867 2383 eive
877 2319 965 2385 inter
978 2318 1138 2406 praedam
1152 2325 1342 2404 asportatae

192 2420 405 2487 interierunt:
433 2441 537 2505 neque
560 2420 646 2485 enim
666 2419 733 2485 alia
758 2420 823 2485 diei
844 2428 955 2507 pateat
976 2420 1065 2487 Livii
1086 2441 1159 2485 esee
1179 2418 1344 2484 sententia

194 2521 256 2587 etei
277 2522 365 2587 iusto
382 2543 421 2586 ea
436 2520 572 2587 brevius
588 2542 747 2609 expressa
760 2521 872 2589 verbis
887 2522 977 2588 hisee
991 2520 1043 2586 VI
1059 2523 1089 2604 1,
1105 2521 1125 2585 9
1141 2542 1191 2607 aq.
1211 2523 1268 2585 ‘Ha'
1281 2519 1343 2604 (ee.

194 2623 320 2689 tribuni
335 2621 523 2689 consuleres
539 2631 735 2713 recuperata
750 2623 833 2690 urbe
848 2623 965 2709 creati)
1059 2630 1144 2688 natta
1158 2628 1197 2687 de
1209 2640 1245 2687 re
1253 2628 1345 2703 pree

197 2746 286 2807 qaam
303 2730 341 2791 de
355 2730 549 2805 reliyr'oaibaa
563 2739 699 2791 aeaalam
712 2733 897 2792 caualuere.
927 2728 966 2791 In
979 2732 1086 2807 primis
1097 2730 1229 2804 foedera
1244 2744 1282 2789 ae
1296 2730 1344 2789 te-

194 2848 247 2907 pea
265 2866 300 2877 -
318 2839 408 2893 erant
421 2839 521 2893 aulem
541 2849 596 2893 eae
616 2834 772 2895 duodecim
793 2833 913 2894 tabulae
932 2839 962 2893 et
979 2832 1128 2909 quaedam
1141 2833 1246 2907 reatae
1265 2833 1345 2905 aaa

198 2968 235 2979 -
247 2936 390 3019 ‘conquire'
403 2952 480 3011 quae
494 2944 696 3013 conpararent
709 2937 881 2997 iusserant!
892 2930 918 3018 ¹)
934 2930 976 2997 cf.
992 2934 1013 3013 ὅ
1027 2931 1059 2996 2.
1085 2929 1247 2995 Nimirum
1261 2927 1344 3014 ipeie

196 3024 319 3099 tabulis
339 3031 522 3121 deperditis
543 3035 694 3123 exempla
713 3033 767 3099 hie
787 3032 856 3099 illie
882 3043 1015 3125 servata
1040 3030 1226 3118 colligenda
1252 3051 1345 3097 aare·

196 3142 286 3217 runt,
307 3134 426 3221 quibua
448 3134 491 3200 ad
511 3135 773 3223 pervulgandam
793 3135 901 3222 legem
924 3145 1104 3201 uterentur.
1139 3132 1244 3221 Atqui
1268 3131 1347 3219 hine

197 3258 261 3302 non
277 3236 425 3323 sequitur
440 3237 528 3325 quod
543 3238 642 3325 vulgo
658 3239 812 3325 occupari
827 3238 925 3305 video
946 3258 1066 3303 aeneae
1087 3237 1194 3303 denuo
1214 3234 1346 3301 reiietae

199 3360 270 3405 esse
285 3336 356 3403 XII
371 3337 517 3405 tabulas:
539 3340 575 3405 id
595 3341 684 3428 quod
705 3363 766 3407 nee
786 3340 889 3407 tradit
902 3340 1019 3405 Liviae
1039 3360 1100 3405 nee
1114 3338 1257 3405 eeneieee
1271 3358 1347 3403 eum

199 3440 309 3526 arguit
323 3440 435 3506 iuncte
449 3462 523 3505 eum
538 3442 609 3507 XII
623 3440 744 3510 tabulis
759 3442 870 3529 legum
890 3443 1054 3527 regiarum
1076 3441 1210 3507 mentio.
1239 3441 1346 3505 Immo

200 3541 289 3629 quod
310 3540 423 3607 atatim
443 3541 537 3607 addit
558 3547 634 3609 ‘alia
655 3566 695 3609 ex
717 3551 760 3609 eie
781 3549 887 3609 edita
907 3550 1020 3608 etiam
1039 3548 1080 3608 ia
1103 3550 1250 3622 valeas:
1270 3562 1348 3622 qaae

200 3657 299 3708 autem
313 3648 356 3707 ad
368 3662 460 3707 sacra
470 3650 675 3725 pertinebant,
692 3666 713 3709 a
723 3650 913 3727 pontificiam
926 3651 1074 3723 maxime,
1088 3655 1122 3711 ut
1134 3650 1279 3723 relaepioae
1292 3647 1348 3707 ab·

199 3752 314 3811 strictos
325 3750 470 3811 taberent
478 3752 673 3813 multitudinis
686 3754 809 3829 animos,
823 3753 997 3828 mppreeea'
1012 3784 1056 3796 -
1069 3746 1189 3835 quibua
1201 3746 1350 3834 apprime

201 3848 355 3915 convenit
369 3848 457 3937 quod
468 3847 581 3915 Cicero
597 3850 640 3915 ad
652 3852 723 3915 Aa.
734 3848 786 3914 VI
800 3851 829 3933 1,
842 3848 862 3915 8
877 3872 921 3915 ex
935 3847 1108 3917 annalietie
1124 3850 1228 3916 refert
1241 3847 1348 3915 oecul-

201 3960 304 4016 tatam
319 3950 420 4017 iuisae
437 3950 581 4039 quodam
596 3962 743 4042 tempore
758 3974 831 4019 eam
846 3952 995 4019 tabulam
1015 3974 1101 4041 quae
1120 3952 1228 4019 fastos
1249 3950 1348 4016 eonti-

202 4062 293 4119 neret
307 4075 328 4118 a
342 4052 403 4119 On.
416 4050 534 4121 Flavio
550 4064 665 4142 postea
678 4056 825 4143 prolatos
837 4054 880 4143 2)ε
898 4056 946 4123 eia
961 4056 1108 4123 maxime
1122 4053 1165 4121 de
1178 4051 1351 4142 publicata

269 4276 290 4346 ¹)
309 4278 382 4330 Hine
401 4281 493 4330 autem
511 4292 564 4345 qua
583 4280 642 4331 iare
661 4280 746 4331 etiem
759 4282 928 4333 eontrarium
941 4280 1016 4333 efflei
1027 4294 1108 4347 paese
1121 4276 1350 4332 statuatPuehta

203 4363 292 4415 instit
311 4362 326 4414 1
342 4363 358 4425 β
376 4364 409 4415 tt
426 4378 453 4430 p.
472 4364 535 4426 lea,
554 4378 609 4415 nau
626 4362 716 4420 video.

96 4500 98 4525 ἶ
269 4446 292 4513 ²)
309 4448 370 4499 Nou
389 4452 431 4499 eat
448 4448 536 4514 igitur
553 4462 602 4499 eur
619 4448 654 4500 ad
673 4450 765 4517 regiae
784 4454 891 4501 tautum
914 4452 994 4517 leges
1011 4450 1087 4502 Livii
1107 4448 1196 4502 rerba
1219 4462 1279 4499 cum
1301 4463 1350 4499 uo·

203 4534 315 4587 vieeimo
334 4532 439 4585 editore
458 4534 574 4586 referas.
609 4534 651 4585 Ne
670 4550 703 4585 ex
722 4534 866 4587 Ciceronis
890 4535 1000 4601 quidem
1023 4534 1086 4587 toea
1109 4535 1185 4587 aliud
1202 4534 1352 4600 quidquam

204 4618 353 4671 concludas
371 4620 426 4670 uisi
444 4620 473 4669 in
491 4618 624 4686 exemplis
643 4619 725 4671 editis
743 4621 858 4687 primum
879 4621 1007 4673 eoneulto
1024 4622 1139 4673 amiatae
1157 4620 1243 4673 futare
1261 4620 1351 4671 iaatae

255 4708 376 4761 senten,
398 4710 462 4763 Legis·
476 4710 516 4753 ΧΠ
531 4711 575 4755 tab.
590 4710 652 4763 reliq.
1131 4706 1147 4771 l
