3409 5409
421 571 468 619 55
491 568 676 621 5555555
699 572 912 622 55555555
934 574 1107 623 naucum.
1299 560 1339 625 19

184 748 312 792 55555
327 724 535 791 millesimum
550 728 584 791 in
600 726 683 793 libro
700 727 741 793 de
756 728 940 794 Gothorum
962 727 1090 813 legibus
1107 728 1228 795 dicitur
1243 751 1338 795 orsus

184 854 263 895 esse
290 830 332 896 ab
358 826 466 915 elogio
493 828 564 895 XII
586 828 772 895 tabularum
803 837 898 919 ‘quas
925 854 1037 897 omnes
1064 832 1208 897 carmine
1235 832 1337 899 latino

187 930 501 1020 comprehenderit’,
528 940 612 997 teste
627 930 764 997 Nicolao
790 934 932 999 Antonio
953 936 987 999 in
1008 934 1165 1001 Biblioth.
1187 934 1339 1024 Hispana

185 1046 258 1103 vet.
273 1034 322 1100 VI
340 1034 389 1115 14,
405 1034 469 1099 350
484 1035 515 1120 (Ι
531 1056 563 1121 p.
578 1033 641 1098 518
657 1034 708 1099 cd.
726 1056 754 1099 5.
775 1034 913 1125 1788).¹)
942 1036 1073 1104 Pariter
1092 1038 1220 1103 Incerta
1239 1048 1338 1125 atquc
1367 1081 1373 1092 ·

184 1135 397 1205 incredibilia
418 1137 459 1201 de
480 1137 591 1203 nescio
612 1158 676 1224 quo
698 1139 808 1205 octavi
829 1138 952 1205 saeculi
971 1138 1170 1206 Massiliensi
1186 1140 1338 1227 episcopo

185 1241 387 1307 Franciscus
406 1237 591 1305 Balduinus
610 1238 738 1327 profert
758 1242 792 1306 15
814 1240 925 1308 ‘Liba-
941 1242 976 1308 ΙΙ
996 1243 1030 1307 15
1049 1242 1138 1329 leges
1158 1240 1291 1307 Romuli
1306 1252 1340 1308 et

186 1344 280 1429 leges
296 1342 367 1407 XII
379 1340 576 1407 tabularnm'
594 1340 645 1407 ed.
659 1342 759 1407 Basil.
774 1342 855 1409 1557
867 1344 1122 1433 praefatione²):
1141 1344 1252 1410 ‘audio
1263 1353 1339 1409 ante

188 1467 296 1511 annos
320 1444 522 1527 octingentos
546 1446 704 1529 scriptum
724 1446 783 1512 555
806 1445 949 1533 quodam
964 1448 1117 1535 episcopo
1138 1445 1340 1514 Massiliensi

189 1547 316 1613 librum
332 1546 447 1627 fuisse,
470 1547 505 1611 in
525 1570 589 1633 quo
605 1570 679 1613 cum
694 1548 835 1634 probare
850 1549 922 1614 vult
936 1549 1100 1615 Romanos
1116 1572 1137 1615 a
1152 1551 1291 1616 Graecis
1305 1560 1339 1613 et

188 1650 338 1718 Graecos
354 1672 374 1714 a
389 1648 520 1714 Iudaeis
537 1672 613 1715 suas
634 1650 722 1735 leges
745 1650 934 1737 repetiisse,
955 1674 1109 1737 magnam
1124 1651 1337 1718 1111155515-

188 1775 264 1817 rum
280 1762 408 1839 partem
424 1750 584 1818 describit
598 1774 638 1817 ac
651 1752 778 1817 recitat.
810 1752 876 1819 Sed
897 1776 972 1817 eum
992 1774 1121 1841 quoque
1140 1753 1261 1820 librum
1282 1753 1338 1841 qui

191 1856 296 1920 habet
317 1855 514 1941 supprimit'.
558 1854 652 1936 Quae
674 1853 763 1919 haud
780 1856 892 1942 inepte
914 1856 1102 1921 Dirksenus
1123 1878 1156 1943 p.
1171 1856 1192 1923 3
1208 1878 1256 1943 sq.
1273 1877 1339 1920 non

191 1956 327 2031 aliunde
348 1956 485 2021 fluxisse
506 1956 686 2024 arbitratur
706 1958 769 2022 nisi
790 1980 832 2023 ex
852 1958 993 2023 obscura
1013 1958 1104 2024 fama
1128 1958 1169 2022 de
1190 1957 1339 2023 Salviani

189 2056 411 2124 Massiliensis
433 2056 504 2123 XII
526 2058 610 2145 legis
636 2060 944 2143 commemoratione
965 2084 986 2125 5
1004 2060 1170 2126 Balduino
1192 2060 1246 2126 vel
1267 2060 1337 2125 eius

189 2172 325 2227 auctore
344 2162 481 2226 mirifice
502 2161 712 2248 amplificata.
741 2162 894 2250 Denique
913 2162 1099 2230 Odofredus
1120 2162 1220 2228 IOtus
1237 2161 1337 2247 (mor-

189 2272 267 2327 tuus
283 2286 313 2328 5.
332 2264 429 2348 1265)
445 2286 520 2328 cum
540 2262 652 2329 tradat
672 2264 834 2351 quaedam
856 2288 898 2331 ex
922 2264 1047 2330 ultimis
1070 2264 1199 2330 duobus
1215 2262 1338 2330 tabulis

191 2376 327 2431 servata
346 2366 380 2429 in
395 2366 558 2430 Laterano
574 2386 663 2447 esse,
685 2364 772 2430 lectu
789 2365 939 2433 difficilia
954 2368 1003 2453 (15
1017 2366 1096 2451 Dig.
1113 2375 1180 2432 vet.
1198 2368 1227 2448 1,
1246 2368 1276 2449 l,
1291 2366 1337 2450 6),

191 2477 307 2553 aperto
330 2488 439 2532 errore
454 2467 586 2533 ducitur
601 2468 757 2554 deceptus
774 2470 844 2533 sine
861 2470 960 2534 dubio
976 2467 1050 2533 aliis
1065 2466 1173 2555 legum
1188 2466 1339 2533 frustulis

191 2569 240 2633 151
255 2569 377 2655 515151)
472 2576 474 2581 ’
540 2566 546 2585 '

280 2670 383 2738 Vides
406 2672 508 2759 igitur
528 2672 626 2738 etiam
648 2672 718 2738 XII
739 2671 928 2739 tabularum
949 2670 1098 2738 libellum
1118 2694 1179 2737 sua
1197 2671 1269 2739 1515
1282 2670 1337 2736 ha·

191 2772 317 2840 buisse:
346 2796 430 2863 quae
450 2775 556 2862 prima
576 2784 610 2841 et
630 2773 702 2840 sola
721 2772 776 2839 lex
796 2774 941 2841 civitatis
958 2796 1084 2839 summo
1098 2773 1213 2862 populi
1229 2772 1338 2840 studio

192 2874 359 2943 celebrata
379 2900 438 2965 per
460 2877 594 2963 longum
614 2888 743 2964 tempus
765 2900 819 2944 ore
839 2877 1069 2943 tantummodo
1089 2889 1273 2966 propagata
1288 2886 1340 2942 est

193 3000 319 3043 ansero
340 2978 470 3044 demum
486 2980 603 3045 litteris
619 2980 789 3045 mandata:
817 2990 887 3045 tum
909 2980 1042 3046 veroin
1061 3001 1124 3045 usu
1145 3002 1218 3046 esse
1238 2979 1338 3045 desiit

193 3090 225 3145 et
240 3077 311 3145 sola
325 3084 615 3166 grammaticorum
630 3092 663 3147 et
678 3082 910 3149 historicorum
930 3080 1042 3147 studia
1062 3084 1227 3166 exercuit3
1248 3082 1337 3147 deni·

191 3203 254 3269 que
269 3182 322 3247 vel
337 3183 387 3248 his
404 3184 632 3250 deficientibus
648 3184 815 3253 oblivione
825 3205 966 3271 ¹prorsus
979 3184 1170 3250 oblitterata
1185 3194 1245 3249 est
1267 3184 1338 3250 Nec

192 3284 341 3371 profecto
358 3286 434 3351 hino
449 3286 642 3352 mirabimur
656 3310 696 3353 ea
710 3299 816 3353 aetate
832 3309 899 3374 qua
909 3286 1077 3353 hominum
1084 3287 1338 3373 ingeniarursus

194 3386 236 3452 ad
259 3399 473 3454 monumenta
493 3390 700 3475 antiquitatis
723 3412 765 3455 ex
785 3388 930 3455 tenebris
951 3389 1095 3454 eruenda
1110 3412 1149 3454 55
1164 3386 1230 3453 1551
1244 3391 1337 3455 resti·

195 3489 316 3554 tuenda
330 3488 610 3574 accendebantur,
632 3489 673 3555 de
693 3488 766 3576 lege
781 3491 933 3577 quamvis
948 3491 1095 3555 studiose
1109 3490 1337 3574 investiganti-

261 3780 282 3851 ¹)
301 3782 427 3835 Adiciam
445 3784 536 3835 locum
555 3798 588 3835 cx
606 3780 739 3851 Savignyi
756 3783 830 3836 Hist.
849 3784 901 3834 inr.
919 3797 986 3836 rom.
1003 3780 1073 3834 med.
1093 3782 1158 3837 aevi
1173 3781 1202 3833 11
1218 3797 1245 3849 p.
1260 3784 1292 3835 'li
1309 3799 1335 3833 5.

198 3867 237 3920 ed.
256 3869 270 3919 1
288 3868 456 3935 descriptum
475 3872 552 3921 ‘ante
570 3884 671 3919 55555
690 3868 866 3921 5111551555
889 3873 938 3921 aut
960 3868 1072 3919 circiter
1093 3867 1218 3919 dominus
1236 3866 1337 3919 Petrus

196 3954 227 4005 de
248 3952 360 4007 Gradon
383 3954 531 4007 coenobita
555 3958 616 4005 erat
636 3956 666 4004 in
689 3954 716 4009 S.
736 3954 887 4007 AemIliani
911 3958 943 4006 ut
963 3957 1067 4005 vocant
1087 3955 1283 4005 monasterio.
1304 3988 1336 4007 ..

196 4040 350 4105 ReIIquIsse
367 4040 441 4091 hunc
452 4040 565 4091 Petrum
583 4040 612 4090 in
630 4054 663 4092 55
675 4042 842 4092 monasterio
860 4040 1019 4091 nuntiatum
1037 4038 1117 4090 nobis
1129 4038 1184 4089 tuit
1196 4037 1336 4089 55155155

196 4122 245 4177 duo
258 4126 378 4191 “Leges
391 4124 544 4177 Gothorum
557 4130 585 4179 ct
596 4126 702 4191 Regum
709 4128 728 4196 '.'
747 4126 890 4191 inscripta,
903 4138 1018 4189 quorum
1030 4124 1108 4190 prius
1119 4122 1225 4183 LXIII,
1243 4126 1338 4189 poste·

197 4212 249 4260 rios
267 4224 333 4262 vero
352 4210 457 4261 LXVII
469 4210 616 4276 capitibus
634 4210 796 4261 absolvitur.
832 4210 866 4261 In
883 4210 1020 4277 principio
1038 4208 1159 4275 elogium
1177 4209 1270 4275 posuit
1287 4222 1336 4258 55·

198 4298 254 4347 ctor
270 4296 362 4361 legum
379 4296 434 4347 XII
451 4296 610 4347 tabularum
627 4308 698 4360 quas
714 4309 808 4347 omnes
826 4296 949 4346 carmine
965 4288 1054 4345 latino
1071 4292 1296 4359 comprehendIt.
1310 4330 1337 4346 ..

197 4380 286 4431 Codex
303 4396 371 4446 prae
388 4382 474 4431 nimia
491 4384 632 4432 vetustate
651 4380 759 4445 aIIquct
775 4380 831 4430 iam
850 4380 927 4431 toliis
944 4396 1000 4432 non
1012 4380 1115 4446 legitur
1127 4418 1134 4432 .
1147 4414 1175 4429 ..
1194 4378 1336 4429 Habemus

197 4465 222 4515 id
238 4470 325 4517 totum
344 4482 378 4517 ex
395 4464 579 4518 relationibus
596 4462 631 4516 ad
649 4480 698 4516 nos
715 4466 806 4515 missis
824 4465 860 4515 55
879 4464 974 4516 eodem
991 4464 1180 4516 monasterio)

260 4548 282 4613 ²)
300 4566 344 4617 ap.
363 4551 546 4603 Heineccium
563 4550 676 4617 Iurispr.
695 4550 772 4601 Rom.
794 4554 822 4600 et
839 4550 896 4600 Att.
914 4551 929 4601 1
945 4564 972 4615 p.
991 4550 1032 4601 67.

261 4634 282 4699 ³)
302 4634 338 4687 ct'.
357 4634 466 4687 Pnchto
484 4630 551 4687 Inst'.
570 4636 583 4687 1
602 4652 627 4701 p.
648 4638 697 4687 192
714 4651 741 4685 5.
761 4632 787 4699 (ξ
805 4633 858 4700 5⁵).

1083 4716 1134 4783 2*
