<?xml version="1.0" encoding="UTF-8"?>
<!DOCTYPE html PUBLIC "-//W3C//DTD XHTML 1.0 Transitional//EN"
    "http://www.w3.org/TR/xhtml1/DTD/xhtml1-transitional.dtd">
<html xmlns="http://www.w3.org/1999/xhtml" xml:lang="en" lang="en">
 <head>
  <title>
</title>
<meta http-equiv="Content-Type" content="text/html;charset=utf-8" />
  <meta name='ocr-system' content='tesseract 3.04.00' />
  <meta name='ocr-capabilities' content='ocr_page ocr_carea ocr_par ocr_line ocrx_word'/>
</head>
<body>
  <div class='ocr_page' id='page_1' title='image "./legisdvodecimta01schgoog_0057.png"; bbox 0 0 3409 5409; ppageno 0'>
   <div class='ocr_carea' id='block_1_1' title="bbox 363 490 1087 553">
    <p class='ocr_par' dir='ltr' id='par_1_1' title="bbox 363 490 1087 553">
     <span class='ocr_line' id='line_1_1' title="bbox 363 490 1087 553; baseline -0.003 0"><span class='ocrx_word' id='word_1_1' title='bbox 363 490 406 553; x_wconf 82' lang='lat'>40</span> <span class='ocrx_word' id='word_1_2' title='bbox 786 502 899 550; x_wconf 75' lang='lat' dir='ltr'>cirvr</span> <span class='ocrx_word' id='word_1_3' title='bbox 921 502 1087 551; x_wconf 81' lang='lat' dir='ltr'>resrivn.</span> 
     </span>
    </p>
   </div>
   <div class='ocr_carea' id='block_1_2' title="bbox 361 650 1550 1961">
    <p class='ocr_par' dir='ltr' id='par_1_2' title="bbox 361 650 1550 1961">
     <span class='ocr_line' id='line_1_2' title="bbox 362 650 1549 739; baseline 0 -14"><span class='ocrx_word' id='word_1_4' title='bbox 362 668 431 725; x_wconf 84' lang='lat' dir='ltr'>oiim</span> <span class='ocrx_word' id='word_1_5' title='bbox 457 665 575 739; x_wconf 79' lang='lat' dir='ltr'>quidem</span> <span class='ocrx_word' id='word_1_6' title='bbox 597 672 774 737; x_wconf 81' lang='lat' dir='ltr'>quantam</span> <span class='ocrx_word' id='word_1_7' title='bbox 800 663 848 722; x_wconf 86' lang='lat' dir='ltr'>ad</span> <span class='ocrx_word' id='word_1_8' title='bbox 873 650 992 736; x_wconf 65' lang='lat' dir='ltr'>leuem</span> <span class='ocrx_word' id='word_1_9' title='bbox 1012 661 1096 722; x_wconf 84' lang='lat' dir='ltr'>XII</span> <span class='ocrx_word' id='word_1_10' title='bbox 1120 663 1337 725; x_wconf 83' lang='lat' dir='ltr'>tabularum</span> <span class='ocrx_word' id='word_1_11' title='bbox 1362 667 1549 739; x_wconf 77' lang='lat' dir='ltr'>attinet,</span> 
     </span>
     <span class='ocr_line' id='line_1_3' title="bbox 362 760 1550 849; baseline -0.001 -21"><span class='ocrx_word' id='word_1_12' title='bbox 362 770 451 829; x_wconf 82' lang='lat' dir='ltr'>etiam</span> <span class='ocrx_word' id='word_1_13' title='bbox 463 766 598 839; x_wconf 81' lang='lat' dir='ltr'>feminac</span> <span class='ocrx_word' id='word_1_14' title='bbox 613 770 740 839; x_wconf 71' lang='lat' dir='ltr'>auratos</span> <span class='ocrx_word' id='word_1_15' title='bbox 760 764 910 825; x_wconf 79' lang='lat' dir='ltr'>habebant</span> <span class='ocrx_word' id='word_1_16' title='bbox 928 770 1055 825; x_wconf 80' lang='lat' dir='ltr'>tutores’</span> <span class='ocrx_word' id='word_1_17' title='bbox 1073 782 1140 825; x_wconf 93' lang='lat' dir='ltr'>non</span> <span class='ocrx_word' id='word_1_18' title='bbox 1162 760 1324 827; x_wconf 84' lang='lat' dir='ltr'>contineri</span> <span class='ocrx_word' id='word_1_19' title='bbox 1345 762 1550 849; x_wconf 76' lang='lat' dir='ltr'>peculiare</span> 
     </span>
     <span class='ocr_line' id='line_1_4' title="bbox 361 862 1547 952; baseline 0.001 -23"><span class='ocrx_word' id='word_1_20' title='bbox 361 874 574 952; x_wconf 88' lang='lat' dir='ltr'>praeceptum</span> <span class='ocrx_word' id='word_1_21' title='bbox 590 885 649 927; x_wconf 91' lang='lat' dir='ltr'>suo</span> <span class='ocrx_word' id='word_1_22' title='bbox 670 862 802 948; x_wconf 91' lang='lat' dir='ltr'>quidem</span> <span class='ocrx_word' id='word_1_23' title='bbox 823 862 895 926; x_wconf 89' lang='lat' dir='ltr'>iure</span> <span class='ocrx_word' id='word_1_24' title='bbox 917 863 1100 929; x_wconf 82' lang='lat' dir='ltr'>contendit:</span> <span class='ocrx_word' id='word_1_25' title='bbox 1124 872 1195 927; x_wconf 86' lang='lat' dir='ltr'>tum</span> <span class='ocrx_word' id='word_1_26' title='bbox 1215 884 1331 949; x_wconf 82' lang='lat' dir='ltr'>parum</span> <span class='ocrx_word' id='word_1_27' title='bbox 1347 874 1445 951; x_wconf 88' lang='lat' dir='ltr'>apte</span> <span class='ocrx_word' id='word_1_28' title='bbox 1463 886 1547 930; x_wconf 89' lang='lat' dir='ltr'>eum</span> 
     </span>
     <span class='ocr_line' id='line_1_5' title="bbox 362 966 1547 1049; baseline -0.001 -17"><span class='ocrx_word' id='word_1_29' title='bbox 362 967 406 1032; x_wconf 93' lang='lat' dir='ltr'>ad</span> <span class='ocrx_word' id='word_1_30' title='bbox 421 970 441 1049; x_wconf 66' lang='grc' dir='ltr'>ξ</span> <span class='ocrx_word' id='word_1_31' title='bbox 460 966 520 1031; x_wconf 89' lang='grc'>155</span> <span class='ocrx_word' id='word_1_32' title='bbox 535 969 658 1041; x_wconf 80' lang='lat' dir='ltr'>‘Quibus</span> <span class='ocrx_word' id='word_1_33' title='bbox 673 973 844 1027; x_wconf 74' lang='lat' dir='ltr'>testamento</span> <span class='ocrx_word' id='word_1_34' title='bbox 859 970 978 1043; x_wconf 81' lang='lat' dir='ltr'>quidem</span> <span class='ocrx_word' id='word_1_35' title='bbox 993 976 1071 1029; x_wconf 78' lang='lat' dir='ltr'>tutor</span> <span class='ocrx_word' id='word_1_36' title='bbox 1086 971 1174 1031; x_wconf 81' lang='lat' dir='ltr'>datas</span> <span class='ocrx_word' id='word_1_37' title='bbox 1188 987 1247 1030; x_wconf 85' lang='lat' dir='ltr'>aaa</span> <span class='ocrx_word' id='word_1_38' title='bbox 1262 972 1314 1043; x_wconf 79' lang='lat' dir='ltr'>aii,</span> <span class='ocrx_word' id='word_1_39' title='bbox 1335 973 1386 1030; x_wconf 78' lang='lat' dir='ltr'>eis</span> <span class='ocrx_word' id='word_1_40' title='bbox 1403 988 1456 1031; x_wconf 80' lang='lat' dir='ltr'>ex</span> <span class='ocrx_word' id='word_1_41' title='bbox 1473 974 1547 1046; x_wconf 76' lang='lat' dir='ltr'>leae</span> 
     </span>
     <span class='ocr_line' id='line_1_6' title="bbox 362 1069 1543 1155; baseline 0 -21"><span class='ocrx_word' id='word_1_42' title='bbox 362 1074 434 1134; x_wconf 86' lang='lat' dir='ltr'>XII</span> <span class='ocrx_word' id='word_1_43' title='bbox 451 1074 647 1147; x_wconf 71' lang='grc'><strong>6666116661</strong></span> <span class='ocrx_word' id='word_1_44' title='bbox 668 1076 776 1130; x_wconf 84' lang='lat' dir='ltr'>tutores</span> <span class='ocrx_word' id='word_1_45' title='bbox 804 1073 857 1144; x_wconf 76' lang='lat' dir='ltr'>qai</span> <span class='ocrx_word' id='word_1_46' title='bbox 875 1078 1020 1131; x_wconf 81' lang='lat' dir='ltr'>vocantur</span> <span class='ocrx_word' id='word_1_47' title='bbox 1035 1069 1218 1155; x_wconf 72' lang='lat' dir='ltr'>.1eoiami’¹)</span> <span class='ocrx_word' id='word_1_48' title='bbox 1240 1069 1427 1134; x_wconf 87' lang='lat' dir='ltr'>revocavit</span> <span class='ocrx_word' id='word_1_49' title='bbox 1450 1070 1543 1134; x_wconf 89' lang='lat' dir='ltr'>miro</span> 
     </span>
     <span class='ocr_line' id='line_1_7' title="bbox 363 1159 1544 1257; baseline -0.003 -18"><span class='ocrx_word' id='word_1_50' title='bbox 363 1170 461 1239; x_wconf 89' lang='lat' dir='ltr'>modo</span> <span class='ocrx_word' id='word_1_51' title='bbox 484 1177 730 1255; x_wconf 79' lang='lat' dir='ltr'>argumentatus</span> <span class='ocrx_word' id='word_1_52' title='bbox 751 1167 859 1233; x_wconf 86' lang='lat' dir='ltr'>videri</span> <span class='ocrx_word' id='word_1_53' title='bbox 878 1168 913 1231; x_wconf 87' lang='lat' dir='ltr'>in</span> <span class='ocrx_word' id='word_1_54' title='bbox 934 1170 999 1233; x_wconf 88' lang='lat' dir='ltr'>ista</span> <span class='ocrx_word' id='word_1_55' title='bbox 1021 1170 1094 1255; x_wconf 88' lang='lat' dir='ltr'>lege</span> <span class='ocrx_word' id='word_1_56' title='bbox 1116 1168 1163 1254; x_wconf 85' lang='lat' dir='ltr'>(V</span> <span class='ocrx_word' id='word_1_57' title='bbox 1177 1170 1211 1256; x_wconf 86' lang='lat'>6)</span> <span class='ocrx_word' id='word_1_58' title='bbox 1238 1178 1373 1256; x_wconf 87' lang='lat' dir='ltr'>praeter</span> <span class='ocrx_word' id='word_1_59' title='bbox 1404 1159 1544 1257; x_wconf 79' lang='lat' dir='ltr'>pnpilli</span> 
     </span>
     <span class='ocr_line' id='line_1_8' title="bbox 362 1269 1542 1361; baseline 0 -24"><span class='ocrx_word' id='word_1_60' title='bbox 362 1271 527 1361; x_wconf 89' lang='lat' dir='ltr'>pupillae</span> <span class='ocrx_word' id='word_1_61' title='bbox 542 1292 672 1357; x_wconf 90' lang='lat' dir='ltr'>quoque</span> <span class='ocrx_word' id='word_1_62' title='bbox 687 1269 885 1335; x_wconf 76' lang='lat' dir='ltr'>mentionem</span> <span class='ocrx_word' id='word_1_63' title='bbox 900 1270 1002 1336; x_wconf 86' lang='lat' dir='ltr'>fuisse</span> <span class='ocrx_word' id='word_1_64' title='bbox 1024 1293 1161 1359; x_wconf 91' lang='lat' dir='ltr'>eamque</span> <span class='ocrx_word' id='word_1_65' title='bbox 1184 1294 1226 1336; x_wconf 84' lang='lat' dir='ltr'>ex</span> <span class='ocrx_word' id='word_1_66' title='bbox 1246 1272 1447 1357; x_wconf 88' lang='lat' dir='ltr'>posteriore</span> <span class='ocrx_word' id='word_1_67' title='bbox 1471 1295 1542 1337; x_wconf 91' lang='lat' dir='ltr'>usu</span> 
     </span>
     <span class='ocr_line' id='line_1_9' title="bbox 364 1372 1540 1461; baseline -0.001 -20"><span class='ocrx_word' id='word_1_68' title='bbox 364 1376 404 1441; x_wconf 93' lang='lat' dir='ltr'>de</span> <span class='ocrx_word' id='word_1_69' title='bbox 421 1373 572 1453; x_wconf 81' lang='lat' dir='ltr'>omnibus</span> <span class='ocrx_word' id='word_1_70' title='bbox 588 1372 721 1437; x_wconf 87' lang='lat' dir='ltr'>feminis</span> <span class='ocrx_word' id='word_1_71' title='bbox 738 1394 822 1459; x_wconf 87' lang='lat' dir='ltr'>quae</span> <span class='ocrx_word' id='word_1_72' title='bbox 838 1380 945 1436; x_wconf 87' lang='lat' dir='ltr'>tutore</span> <span class='ocrx_word' id='word_1_73' title='bbox 955 1384 1090 1459; x_wconf 85' lang='lat' dir='ltr'>egerent</span> <span class='ocrx_word' id='word_1_74' title='bbox 1102 1395 1174 1439; x_wconf 88' lang='lat' dir='ltr'>esse</span> <span class='ocrx_word' id='word_1_75' title='bbox 1186 1381 1354 1459; x_wconf 81' lang='lat' dir='ltr'>acceptam</span> <span class='ocrx_word' id='word_1_76' title='bbox 1367 1374 1426 1461; x_wconf 92' lang='lat' dir='ltr'>(p.</span> <span class='ocrx_word' id='word_1_77' title='bbox 1436 1375 1540 1461; x_wconf 87' lang='lat'>306).</span> 
     </span>
     <span class='ocr_line' id='line_1_10' title="bbox 364 1473 1538 1558; baseline -0.003 -15"><span class='ocrx_word' id='word_1_78' title='bbox 364 1480 410 1543; x_wconf 87' lang='lat' dir='ltr'>At</span> <span class='ocrx_word' id='word_1_79' title='bbox 425 1476 453 1541; x_wconf 91' lang='lat' dir='ltr'>si</span> <span class='ocrx_word' id='word_1_80' title='bbox 468 1474 620 1541; x_wconf 88' lang='lat' dir='ltr'>conferas</span> <span class='ocrx_word' id='word_1_81' title='bbox 637 1473 762 1540; x_wconf 76' lang='grc' dir='ltr'><strong>(161.Ιῖ</strong></span> <span class='ocrx_word' id='word_1_82' title='bbox 776 1474 817 1538; x_wconf 85' lang='grc'>41</span> <span class='ocrx_word' id='word_1_83' title='bbox 835 1477 922 1537; x_wconf 75' lang='lat' dir='ltr'>‘Item</span> <span class='ocrx_word' id='word_1_84' title='bbox 938 1476 1015 1558; x_wconf 84' lang='lat' dir='ltr'>[res]</span> <span class='ocrx_word' id='word_1_85' title='bbox 1031 1481 1203 1539; x_wconf 81' lang='lat' dir='ltr'>mulieris</span> <span class='ocrx_word' id='word_1_86' title='bbox 1224 1483 1371 1553; x_wconf 80' lang='lat' dir='ltr'>quaein</span> <span class='ocrx_word' id='word_1_87' title='bbox 1391 1497 1538 1555; x_wconf 72' lang='lat' dir='ltr'>ayna-</span> 
     </span>
     <span class='ocr_line' id='line_1_11' title="bbox 364 1582 1538 1658; baseline -0.002 -13"><span class='ocrx_word' id='word_1_88' title='bbox 364 1593 484 1645; x_wconf 82' lang='lat' dir='ltr'>toram</span> <span class='ocrx_word' id='word_1_89' title='bbox 506 1583 623 1642; x_wconf 81' lang='lat' dir='ltr'>tutela</span> <span class='ocrx_word' id='word_1_90' title='bbox 647 1586 745 1651; x_wconf 83' lang='lat' dir='ltr'>erat,</span> <span class='ocrx_word' id='word_1_91' title='bbox 767 1596 816 1640; x_wconf 85' lang='lat' dir='ltr'>res</span> <span class='ocrx_word' id='word_1_92' title='bbox 830 1582 966 1657; x_wconf 78' lang='lat' dir='ltr'>mancipi</span> <span class='ocrx_word' id='word_1_93' title='bbox 983 1598 1040 1640; x_wconf 81' lang='lat' dir='ltr'>aaa</span> <span class='ocrx_word' id='word_1_94' title='bbox 1060 1585 1132 1658; x_wconf 83' lang='lat' dir='ltr'>capi</span> <span class='ocrx_word' id='word_1_95' title='bbox 1145 1598 1204 1642; x_wconf 84' lang='lat' dir='ltr'>noa</span> <span class='ocrx_word' id='word_1_96' title='bbox 1216 1588 1358 1657; x_wconf 79' lang='lat' dir='ltr'>poterant</span> <span class='ocrx_word' id='word_1_97' title='bbox 1369 1590 1538 1658; x_wconf 80' lang='lat' dir='ltr'>praeter-</span> 
     </span>
     <span class='ocr_line' id='line_1_12' title="bbox 363 1683 1535 1763; baseline -0.001 -17"><span class='ocrx_word' id='word_1_98' title='bbox 363 1688 495 1763; x_wconf 84' lang='lat' dir='ltr'>quamsi</span> <span class='ocrx_word' id='word_1_99' title='bbox 508 1685 546 1743; x_wconf 82' lang='lat' dir='ltr'>ab</span> <span class='ocrx_word' id='word_1_100' title='bbox 561 1685 627 1759; x_wconf 82' lang='lat' dir='ltr'>ipsa</span> <span class='ocrx_word' id='word_1_101' title='bbox 642 1689 737 1743; x_wconf 81' lang='lat' dir='ltr'>tutore</span> <span class='ocrx_word' id='word_1_102' title='bbox 753 1684 905 1759; x_wconf 82' lang='lat' dir='ltr'>(auctore)</span> <span class='ocrx_word' id='word_1_103' title='bbox 924 1683 1056 1743; x_wconf 80' lang='lat' dir='ltr'>traditae</span> <span class='ocrx_word' id='word_1_104' title='bbox 1070 1691 1182 1745; x_wconf 77' lang='lat' dir='ltr'>eareat:</span> <span class='ocrx_word' id='word_1_105' title='bbox 1201 1694 1230 1744; x_wconf 84' lang='lat' dir='ltr'>a</span> <span class='ocrx_word' id='word_1_106' title='bbox 1243 1687 1285 1744; x_wconf 80' lang='lat' dir='ltr'>ita</span> <span class='ocrx_word' id='word_1_107' title='bbox 1300 1687 1366 1759; x_wconf 74' lang='lat' dir='ltr'>leae</span> <span class='ocrx_word' id='word_1_108' title='bbox 1382 1684 1468 1745; x_wconf 86' lang='lat' dir='ltr'>XII</span> <span class='ocrx_word' id='word_1_109' title='bbox 1480 1692 1535 1745; x_wconf 82' lang='lat' dir='ltr'>ia-</span> 
     </span>
     <span class='ocr_line' id='line_1_13' title="bbox 364 1780 1533 1867; baseline -0.003 -17"><span class='ocrx_word' id='word_1_110' title='bbox 364 1780 506 1851; x_wconf 80' lang='lat' dir='ltr'>batarum</span> <span class='ocrx_word' id='word_1_111' title='bbox 520 1796 641 1847; x_wconf 85' lang='lat' dir='ltr'>cautam</span> <span class='ocrx_word' id='word_1_112' title='bbox 655 1790 755 1845; x_wconf 84' lang='lat' dir='ltr'>erat&#39;:</span> <span class='ocrx_word' id='word_1_113' title='bbox 776 1780 854 1845; x_wconf 86' lang='lat' dir='ltr'>hine</span> <span class='ocrx_word' id='word_1_114' title='bbox 874 1781 984 1866; x_wconf 88' lang='lat' dir='ltr'>potius</span> <span class='ocrx_word' id='word_1_115' title='bbox 1004 1790 1096 1867; x_wconf 89' lang='lat' dir='ltr'>patet</span> <span class='ocrx_word' id='word_1_116' title='bbox 1118 1780 1199 1846; x_wconf 92' lang='lat' dir='ltr'>illud</span> <span class='ocrx_word' id='word_1_117' title='bbox 1222 1780 1422 1847; x_wconf 88' lang='lat' dir='ltr'>conclusum</span> <span class='ocrx_word' id='word_1_118' title='bbox 1441 1805 1533 1848; x_wconf 90' lang='lat' dir='ltr'>esse.</span> 
     </span>
     <span class='ocr_line' id='line_1_14' title="bbox 365 1870 1533 1961; baseline -0.004 -9"><span class='ocrx_word' id='word_1_119' title='bbox 365 1870 538 1953; x_wconf 83' lang='lat' dir='ltr'>Contraria</span> <span class='ocrx_word' id='word_1_120' title='bbox 554 1884 622 1947; x_wconf 88' lang='lat' dir='ltr'>fere</span> <span class='ocrx_word' id='word_1_121' title='bbox 639 1892 690 1947; x_wconf 89' lang='lat' dir='ltr'>est</span> <span class='ocrx_word' id='word_1_122' title='bbox 704 1882 788 1949; x_wconf 90' lang='lat' dir='ltr'>ratio</span> <span class='ocrx_word' id='word_1_123' title='bbox 805 1881 840 1947; x_wconf 94' lang='lat' dir='ltr'>II</span> <span class='ocrx_word' id='word_1_124' title='bbox 855 1882 898 1947; x_wconf 81' lang='lat'>64</span> <span class='ocrx_word' id='word_1_125' title='bbox 913 1888 1104 1947; x_wconf 56' lang='grc' dir='ltr'>ε1166116666</span> <span class='ocrx_word' id='word_1_126' title='bbox 1121 1896 1252 1961; x_wconf 67' lang='lat' dir='ltr'>aquatus</span> <span class='ocrx_word' id='word_1_127' title='bbox 1262 1888 1379 1961; x_wconf 72' lang='lat' dir='ltr'>sariaci</span> <span class='ocrx_word' id='word_1_128' title='bbox 1393 1898 1533 1951; x_wconf 80' lang='lat' dir='ltr'>carator</span> 
     </span>
    </p>
   </div>
   <div class='ocr_carea' id='block_1_3' title="bbox 222 1984 1532 2072">
    <p class='ocr_par' dir='ltr' id='par_1_3' title="bbox 222 1984 1532 2072">
     <span class='ocr_line' id='line_1_15' title="bbox 222 1984 1532 2072; baseline -0.002 -20"><span class='ocrx_word' id='word_1_129' title='bbox 222 1984 223 1988; x_wconf 60' lang='grc'>’</span> <span class='ocrx_word' id='word_1_130' title='bbox 271 2045 272 2049; x_wconf 72' lang='grc'>,</span> <span class='ocrx_word' id='word_1_131' title='bbox 365 1991 540 2065; x_wconf 83' lang='lat' dir='ltr'>ressariosi</span> <span class='ocrx_word' id='word_1_132' title='bbox 560 1991 696 2049; x_wconf 84' lang='lat' dir='ltr'>alienare</span> <span class='ocrx_word' id='word_1_133' title='bbox 710 1995 862 2065; x_wconf 78' lang='lat' dir='ltr'>potestex</span> <span class='ocrx_word' id='word_1_134' title='bbox 882 1991 947 2063; x_wconf 72' lang='lat' dir='ltr'>leae</span> <span class='ocrx_word' id='word_1_135' title='bbox 961 1989 1031 2048; x_wconf 84' lang='lat' dir='ltr'>XII</span> <span class='ocrx_word' id='word_1_136' title='bbox 1045 1990 1248 2049; x_wconf 76' lang='lat' dir='ltr'>tabidaram’:</span> <span class='ocrx_word' id='word_1_137' title='bbox 1269 1986 1305 2051; x_wconf 93' lang='lat' dir='ltr'>id</span> <span class='ocrx_word' id='word_1_138' title='bbox 1325 1987 1424 2072; x_wconf 89' lang='lat' dir='ltr'>quod</span> <span class='ocrx_word' id='word_1_139' title='bbox 1447 2008 1532 2052; x_wconf 88' lang='lat' dir='ltr'>vere</span> 
     </span>
    </p>
   </div>
   <div class='ocr_carea' id='block_1_4' title="bbox 364 2086 1530 3401">
    <p class='ocr_par' dir='ltr' id='par_1_4' title="bbox 364 2086 1530 2383">
     <span class='ocr_line' id='line_1_16' title="bbox 365 2086 1530 2174; baseline -0.004 -18"><span class='ocrx_word' id='word_1_140' title='bbox 365 2088 485 2156; x_wconf 82' lang='lat' dir='ltr'>statuit</span> <span class='ocrx_word' id='word_1_141' title='bbox 498 2086 686 2153; x_wconf 86' lang='lat' dir='ltr'>Dirksenus</span> <span class='ocrx_word' id='word_1_142' title='bbox 703 2110 734 2174; x_wconf 92' lang='lat' dir='ltr'>p.</span> <span class='ocrx_word' id='word_1_143' title='bbox 751 2086 814 2153; x_wconf 89' lang='lat'>308</span> <span class='ocrx_word' id='word_1_144' title='bbox 829 2108 872 2151; x_wconf 88' lang='lat' dir='ltr'>ex</span> <span class='ocrx_word' id='word_1_145' title='bbox 887 2086 958 2151; x_wconf 89' lang='lat' dir='ltr'>sola</span> <span class='ocrx_word' id='word_1_146' title='bbox 972 2086 1242 2174; x_wconf 85' lang='lat' dir='ltr'>interpretatione</span> <span class='ocrx_word' id='word_1_147' title='bbox 1256 2088 1340 2173; x_wconf 89' lang='lat' dir='ltr'>legis</span> <span class='ocrx_word' id='word_1_148' title='bbox 1357 2088 1404 2155; x_wconf 88' lang='lat' dir='ltr'>de</span> <span class='ocrx_word' id='word_1_149' title='bbox 1421 2110 1530 2174; x_wconf 87' lang='lat' dir='ltr'>agna-</span> 
     </span>
     <span class='ocr_line' id='line_1_17' title="bbox 364 2188 1528 2277; baseline -0.003 -18"><span class='ocrx_word' id='word_1_150' title='bbox 364 2203 435 2259; x_wconf 90' lang='lat' dir='ltr'>tum</span> <span class='ocrx_word' id='word_1_151' title='bbox 456 2188 694 2277; x_wconf 89' lang='lat' dir='ltr'>gentiliumque</span> <span class='ocrx_word' id='word_1_152' title='bbox 715 2190 749 2253; x_wconf 91' lang='lat' dir='ltr'>in</span> <span class='ocrx_word' id='word_1_153' title='bbox 771 2188 896 2254; x_wconf 83' lang='lat' dir='ltr'>furioso</span> <span class='ocrx_word' id='word_1_154' title='bbox 918 2188 1053 2275; x_wconf 89' lang='lat' dir='ltr'>eiusque</span> <span class='ocrx_word' id='word_1_155' title='bbox 1074 2190 1213 2276; x_wconf 90' lang='lat' dir='ltr'>pecunia</span> <span class='ocrx_word' id='word_1_156' title='bbox 1232 2200 1401 2277; x_wconf 84' lang='lat' dir='ltr'>potestate</span> <span class='ocrx_word' id='word_1_157' title='bbox 1426 2192 1477 2276; x_wconf 87' lang='lat' dir='ltr'>(V</span> <span class='ocrx_word' id='word_1_158' title='bbox 1494 2190 1528 2274; x_wconf 82' lang='lat'>7)</span> 
     </span>
     <span class='ocr_line' id='line_1_18' title="bbox 364 2292 628 2383; baseline -0.015 -24"><span class='ocrx_word' id='word_1_159' title='bbox 364 2292 541 2383; x_wconf 90' lang='lat' dir='ltr'>proficisci.</span> <span class='ocrx_word' id='word_1_160' title='bbox 625 2326 628 2332; x_wconf 93' lang='lat'>·</span> 
     </span>
    </p>

    <p class='ocr_par' dir='ltr' id='par_1_5' title="bbox 364 2392 1525 3401">
     <span class='ocr_line' id='line_1_19' title="bbox 450 2392 1525 2484; baseline -0.002 -23"><span class='ocrx_word' id='word_1_161' title='bbox 450 2397 522 2461; x_wconf 89' lang='lat' dir='ltr'>Iam</span> <span class='ocrx_word' id='word_1_162' title='bbox 542 2416 621 2461; x_wconf 87' lang='lat' dir='ltr'>vero</span> <span class='ocrx_word' id='word_1_163' title='bbox 649 2394 719 2460; x_wconf 90' lang='lat' dir='ltr'>sine</span> <span class='ocrx_word' id='word_1_164' title='bbox 732 2393 803 2459; x_wconf 89' lang='lat' dir='ltr'>ulla</span> <span class='ocrx_word' id='word_1_165' title='bbox 825 2392 946 2460; x_wconf 89' lang='lat' dir='ltr'>idonea</span> <span class='ocrx_word' id='word_1_166' title='bbox 966 2415 1085 2459; x_wconf 82' lang='lat' dir='ltr'>caussa</span> <span class='ocrx_word' id='word_1_167' title='bbox 1104 2393 1294 2459; x_wconf 88' lang='lat' dir='ltr'>Dirksenus</span> <span class='ocrx_word' id='word_1_168' title='bbox 1315 2416 1358 2461; x_wconf 85' lang='lat' dir='ltr'>ex</span> <span class='ocrx_word' id='word_1_169' title='bbox 1379 2394 1525 2484; x_wconf 88' lang='lat' dir='ltr'>Ulpiani</span> 
     </span>
     <span class='ocr_line' id='line_1_20' title="bbox 366 2496 1524 2579; baseline -0.004 -14"><span class='ocrx_word' id='word_1_170' title='bbox 366 2498 552 2567; x_wconf 89' lang='lat' dir='ltr'>testimonio</span> <span class='ocrx_word' id='word_1_171' title='bbox 567 2497 611 2563; x_wconf 92' lang='lat' dir='ltr'>D.</span> <span class='ocrx_word' id='word_1_172' title='bbox 624 2498 655 2579; x_wconf 83' lang='lat'>2,</span> <span class='ocrx_word' id='word_1_173' title='bbox 672 2496 720 2578; x_wconf 80' lang='lat'>14,</span> <span class='ocrx_word' id='word_1_174' title='bbox 734 2498 752 2561; x_wconf 78' lang='lat'>7</span> <span class='ocrx_word' id='word_1_175' title='bbox 768 2500 788 2578; x_wconf 69' lang='grc' dir='ltr'>ξ</span> <span class='ocrx_word' id='word_1_176' title='bbox 803 2497 844 2560; x_wconf 90' lang='grc'>14</span> <span class='ocrx_word' id='word_1_177' title='bbox 858 2501 948 2561; x_wconf 72' lang='lat' dir='ltr'>‘Nam</span> <span class='ocrx_word' id='word_1_178' title='bbox 962 2510 992 2562; x_wconf 84' lang='lat' dir='ltr'>et</span> <span class='ocrx_word' id='word_1_179' title='bbox 1005 2503 1043 2562; x_wconf 85' lang='lat' dir='ltr'>de</span> <span class='ocrx_word' id='word_1_180' title='bbox 1054 2501 1140 2573; x_wconf 82' lang='lat' dir='ltr'>farto</span> <span class='ocrx_word' id='word_1_181' title='bbox 1152 2503 1270 2577; x_wconf 80' lang='lat' dir='ltr'>pacisci</span> <span class='ocrx_word' id='word_1_182' title='bbox 1283 2504 1346 2562; x_wconf 81' lang='lat' dir='ltr'>lea</span> <span class='ocrx_word' id='word_1_183' title='bbox 1354 2504 1524 2577; x_wconf 72' lang='lat' dir='ltr'>permittit</span> 
     </span>
     <span class='ocr_line' id='line_1_21' title="bbox 365 2598 1522 2688; baseline -0.003 -20"><span class='ocrx_word' id='word_1_184' title='bbox 365 2600 438 2668; x_wconf 90' lang='lat' dir='ltr'>coll.</span> <span class='ocrx_word' id='word_1_185' title='bbox 451 2601 533 2667; x_wconf 84' lang='lat' dir='ltr'>(lod.</span> <span class='ocrx_word' id='word_1_186' title='bbox 547 2598 578 2683; x_wconf 85' lang='grc'>6,</span> <span class='ocrx_word' id='word_1_187' title='bbox 591 2600 623 2683; x_wconf 81' lang='lat'>2,</span> <span class='ocrx_word' id='word_1_188' title='bbox 638 2599 677 2664; x_wconf 86' lang='lat'>13</span> <span class='ocrx_word' id='word_1_189' title='bbox 692 2604 774 2663; x_wconf 76' lang='lat' dir='ltr'>‘Post</span> <span class='ocrx_word' id='word_1_190' title='bbox 788 2603 965 2663; x_wconf 64' lang='lat' dir='ltr'>decennem</span> <span class='ocrx_word' id='word_1_191' title='bbox 977 2603 1059 2676; x_wconf 81' lang='lat' dir='ltr'>farti</span> <span class='ocrx_word' id='word_1_192' title='bbox 1070 2608 1171 2680; x_wconf 67' lang='lat' dir='ltr'>leues</span> <span class='ocrx_word' id='word_1_193' title='bbox 1185 2606 1239 2678; x_wconf 71' lang='lat' dir='ltr'>aui</span> <span class='ocrx_word' id='word_1_194' title='bbox 1249 2604 1431 2680; x_wconf 80' lang='lat' dir='ltr'>protibent’</span> <span class='ocrx_word' id='word_1_195' title='bbox 1447 2622 1522 2688; x_wconf 79' lang='lat' dir='ltr'>pro</span> 
     </span>
     <span class='ocr_line' id='line_1_22' title="bbox 364 2700 1524 2792; baseline -0.002 -25"><span class='ocrx_word' id='word_1_196' title='bbox 364 2704 474 2792; x_wconf 87' lang='lat' dir='ltr'>prium</span> <span class='ocrx_word' id='word_1_197' title='bbox 490 2701 531 2767; x_wconf 88' lang='lat' dir='ltr'>de</span> <span class='ocrx_word' id='word_1_198' title='bbox 546 2702 626 2768; x_wconf 85' lang='lat' dir='ltr'>furti</span> <span class='ocrx_word' id='word_1_199' title='bbox 648 2702 752 2789; x_wconf 83' lang='lat' dir='ltr'>pactis</span> <span class='ocrx_word' id='word_1_200' title='bbox 776 2701 921 2767; x_wconf 85' lang='lat' dir='ltr'>edictum</span> <span class='ocrx_word' id='word_1_201' title='bbox 936 2701 1058 2783; x_wconf 87' lang='lat' dir='ltr'>effecit,</span> <span class='ocrx_word' id='word_1_202' title='bbox 1080 2700 1167 2788; x_wconf 91' lang='lat' dir='ltr'>quod</span> <span class='ocrx_word' id='word_1_203' title='bbox 1188 2700 1270 2767; x_wconf 89' lang='lat' dir='ltr'>adeo</span> <span class='ocrx_word' id='word_1_204' title='bbox 1291 2724 1313 2766; x_wconf 90' lang='lat' dir='ltr'>a</span> <span class='ocrx_word' id='word_1_205' title='bbox 1332 2703 1458 2768; x_wconf 84' lang='lat' dir='ltr'>ceteris</span> <span class='ocrx_word' id='word_1_206' title='bbox 1482 2701 1524 2766; x_wconf 89' lang='lat' dir='ltr'>dc</span> 
     </span>
     <span class='ocr_line' id='line_1_23' title="bbox 364 2802 1521 2891; baseline -0.003 -20"><span class='ocrx_word' id='word_1_207' title='bbox 364 2806 455 2871; x_wconf 85' lang='lat' dir='ltr'>furto</span> <span class='ocrx_word' id='word_1_208' title='bbox 477 2806 611 2871; x_wconf 85' lang='lat' dir='ltr'>statutis</span> <span class='ocrx_word' id='word_1_209' title='bbox 631 2804 665 2867; x_wconf 90' lang='lat' dir='ltr'>in</span> <span class='ocrx_word' id='word_1_210' title='bbox 687 2814 837 2870; x_wconf 88' lang='lat' dir='ltr'>octavam</span> <span class='ocrx_word' id='word_1_211' title='bbox 859 2802 1006 2869; x_wconf 91' lang='lat' dir='ltr'>tabulam</span> <span class='ocrx_word' id='word_1_212' title='bbox 1027 2802 1185 2871; x_wconf 88' lang='lat' dir='ltr'>coniectis</span> <span class='ocrx_word' id='word_1_213' title='bbox 1207 2805 1399 2891; x_wconf 83' lang='lat' dir='ltr'>segregavit</span> <span class='ocrx_word' id='word_1_214' title='bbox 1421 2814 1457 2871; x_wconf 87' lang='lat' dir='ltr'>et</span> <span class='ocrx_word' id='word_1_215' title='bbox 1478 2803 1521 2869; x_wconf 89' lang='lat' dir='ltr'>ad</span> 
     </span>
     <span class='ocr_line' id='line_1_24' title="bbox 366 2904 1521 2992; baseline -0.003 -19"><span class='ocrx_word' id='word_1_216' title='bbox 366 2906 504 2973; x_wconf 87' lang='lat' dir='ltr'>alteram</span> <span class='ocrx_word' id='word_1_217' title='bbox 524 2905 672 2971; x_wconf 86' lang='lat' dir='ltr'>tabulam</span> <span class='ocrx_word' id='word_1_218' title='bbox 700 2905 871 2971; x_wconf 88' lang='lat' dir='ltr'>transtulit</span> <span class='ocrx_word' id='word_1_219' title='bbox 890 2929 957 2972; x_wconf 91' lang='lat' dir='ltr'>non</span> <span class='ocrx_word' id='word_1_220' title='bbox 980 2904 1046 2971; x_wconf 92' lang='lat' dir='ltr'>alio</span> <span class='ocrx_word' id='word_1_221' title='bbox 1071 2906 1285 2973; x_wconf 84' lang='lat' dir='ltr'>fundamento</span> <span class='ocrx_word' id='word_1_222' title='bbox 1311 2907 1427 2992; x_wconf 88' lang='lat' dir='ltr'>nisus,</span> <span class='ocrx_word' id='word_1_223' title='bbox 1454 2906 1521 2973; x_wconf 92' lang='lat' dir='ltr'>nisi</span> 
     </span>
     <span class='ocr_line' id='line_1_25' title="bbox 365 3006 1517 3095; baseline 0.001 -24"><span class='ocrx_word' id='word_1_224' title='bbox 365 3008 443 3095; x_wconf 91' lang='lat' dir='ltr'>quia</span> <span class='ocrx_word' id='word_1_225' title='bbox 458 3017 491 3072; x_wconf 88' lang='lat' dir='ltr'>et</span> <span class='ocrx_word' id='word_1_226' title='bbox 501 3006 612 3075; x_wconf 90' lang='lat' dir='ltr'>Labeo</span> <span class='ocrx_word' id='word_1_227' title='bbox 628 3008 663 3071; x_wconf 89' lang='lat' dir='ltr'>in</span> <span class='ocrx_word' id='word_1_228' title='bbox 674 3006 758 3074; x_wconf 90' lang='lat' dir='ltr'>libro</span> <span class='ocrx_word' id='word_1_229' title='bbox 776 3008 816 3073; x_wconf 89' lang='lat' dir='ltr'>de</span> <span class='ocrx_word' id='word_1_230' title='bbox 829 3007 900 3073; x_wconf 90' lang='lat' dir='ltr'>XII</span> <span class='ocrx_word' id='word_1_231' title='bbox 911 3008 1034 3074; x_wconf 91' lang='lat' dir='ltr'>tabulis</span> <span class='ocrx_word' id='word_1_232' title='bbox 1050 3008 1228 3075; x_wconf 91' lang='lat' dir='ltr'>secundo</span> <span class='ocrx_word' id='word_1_233' title='bbox 1244 3009 1333 3075; x_wconf 89' lang='lat' dir='ltr'>acria</span> <span class='ocrx_word' id='word_1_234' title='bbox 1347 3018 1381 3075; x_wconf 91' lang='grc'>61</span> <span class='ocrx_word' id='word_1_235' title='bbox 1396 3030 1517 3077; x_wconf 87' lang='lat' dir='ltr'>severa</span> 
     </span>
     <span class='ocr_line' id='line_1_26' title="bbox 365 3109 1516 3200; baseline 0 -27"><span class='ocrx_word' id='word_1_236' title='bbox 365 3109 491 3175; x_wconf 89' lang='lat' dir='ltr'>iudicia</span> <span class='ocrx_word' id='word_1_237' title='bbox 520 3109 561 3175; x_wconf 89' lang='lat' dir='ltr'>de</span> <span class='ocrx_word' id='word_1_238' title='bbox 590 3110 688 3176; x_wconf 86' lang='lat' dir='ltr'>furtis</span> <span class='ocrx_word' id='word_1_239' title='bbox 718 3110 833 3177; x_wconf 90' lang='lat' dir='ltr'>habita</span> <span class='ocrx_word' id='word_1_240' title='bbox 859 3132 931 3175; x_wconf 86' lang='lat' dir='ltr'>esse</span> <span class='ocrx_word' id='word_1_241' title='bbox 957 3109 1046 3197; x_wconf 91' lang='lat' dir='ltr'>apud</span> <span class='ocrx_word' id='word_1_242' title='bbox 1071 3120 1199 3177; x_wconf 87' lang='lat' dir='ltr'>veteres</span> <span class='ocrx_word' id='word_1_243' title='bbox 1225 3112 1383 3177; x_wconf 89' lang='lat' dir='ltr'>scriberet</span> <span class='ocrx_word' id='word_1_244' title='bbox 1411 3110 1516 3200; x_wconf 84' lang='lat' dir='ltr'>(Gall.</span> 
     </span>
     <span class='ocr_line' id='line_1_27' title="bbox 366 3211 1518 3299; baseline 0.001 -22"><span class='ocrx_word' id='word_1_245' title='bbox 366 3212 418 3277; x_wconf 92' lang='lat' dir='ltr'>VI</span> <span class='ocrx_word' id='word_1_246' title='bbox 435 3212 489 3297; x_wconf 83' lang='lat'>15)</span> <span class='ocrx_word' id='word_1_247' title='bbox 507 3221 540 3277; x_wconf 90' lang='lat' dir='ltr'>et</span> <span class='ocrx_word' id='word_1_248' title='bbox 555 3212 660 3278; x_wconf 84' lang='lat' dir='ltr'>Gaius</span> <span class='ocrx_word' id='word_1_249' title='bbox 675 3213 710 3277; x_wconf 91' lang='lat' dir='ltr'>in</span> <span class='ocrx_word' id='word_1_250' title='bbox 725 3212 854 3299; x_wconf 90' lang='lat' dir='ltr'>primo</span> <span class='ocrx_word' id='word_1_251' title='bbox 871 3211 955 3277; x_wconf 90' lang='lat' dir='ltr'>libro</span> <span class='ocrx_word' id='word_1_252' title='bbox 971 3212 1014 3277; x_wconf 88' lang='lat' dir='ltr'>ad</span> <span class='ocrx_word' id='word_1_253' title='bbox 1033 3212 1142 3298; x_wconf 87' lang='lat' dir='ltr'>legem</span> <span class='ocrx_word' id='word_1_254' title='bbox 1156 3212 1227 3279; x_wconf 88' lang='lat' dir='ltr'>XII</span> <span class='ocrx_word' id='word_1_255' title='bbox 1249 3214 1442 3282; x_wconf 88' lang='lat' dir='ltr'>tabularum</span> <span class='ocrx_word' id='word_1_256' title='bbox 1458 3226 1518 3281; x_wconf 80' lang='lat' dir='ltr'>‘eos</span> 
     </span>
     <span class='ocr_line' id='line_1_28' title="bbox 366 3318 1517 3401; baseline 0.005 -22"><span class='ocrx_word' id='word_1_257' title='bbox 366 3320 421 3395; x_wconf 83' lang='lat' dir='ltr'>qai</span> <span class='ocrx_word' id='word_1_258' title='bbox 433 3318 557 3379; x_wconf 82' lang='lat' dir='ltr'>arbores</span> <span class='ocrx_word' id='word_1_259' title='bbox 570 3328 599 3380; x_wconf 82' lang='lat' dir='ltr'>et</span> <span class='ocrx_word' id='word_1_260' title='bbox 613 3322 744 3380; x_wconf 80' lang='lat' dir='ltr'>maxime</span> <span class='ocrx_word' id='word_1_261' title='bbox 758 3320 830 3379; x_wconf 82' lang='lat' dir='ltr'>vites</span> <span class='ocrx_word' id='word_1_262' title='bbox 844 3320 1021 3392; x_wconf 81' lang='lat' dir='ltr'>ceciderint,</span> <span class='ocrx_word' id='word_1_263' title='bbox 1037 3323 1126 3381; x_wconf 82' lang='lat' dir='ltr'>etiam</span> <span class='ocrx_word' id='word_1_264' title='bbox 1141 3327 1292 3395; x_wconf 81' lang='lat' dir='ltr'>tamquam</span> <span class='ocrx_word' id='word_1_265' title='bbox 1306 3324 1443 3385; x_wconf 82' lang='lat' dir='ltr'>latrones</span> <span class='ocrx_word' id='word_1_266' title='bbox 1452 3341 1517 3401; x_wconf 79' lang='lat' dir='ltr'>pa-</span> 
     </span>
    </p>
   </div>
   <div class='ocr_carea' id='block_1_5' title="bbox 365 3416 1515 3608">
    <p class='ocr_par' dir='ltr' id='par_1_6' title="bbox 365 3416 1515 3608">
     <span class='ocr_line' id='line_1_29' title="bbox 366 3416 1514 3506; baseline 0.006 -24"><span class='ocrx_word' id='word_1_267' title='bbox 366 3422 444 3483; x_wconf 85' lang='lat' dir='ltr'>airi&#39;</span> <span class='ocrx_word' id='word_1_268' title='bbox 465 3417 604 3497; x_wconf 84' lang='lat' dir='ltr'>referret</span> <span class='ocrx_word' id='word_1_269' title='bbox 627 3418 684 3505; x_wconf 90' lang='lat' dir='ltr'>(D.</span> <span class='ocrx_word' id='word_1_270' title='bbox 699 3418 740 3483; x_wconf 80' lang='lat'>47</span> <span class='ocrx_word' id='word_1_271' title='bbox 749 3418 814 3500; x_wconf 81' lang='lat'><em>‚·7‚</em></span> <span class='ocrx_word' id='word_1_272' title='bbox 830 3416 851 3481; x_wconf 81' lang='lat'>2</span> <span class='ocrx_word' id='word_1_273' title='bbox 866 3416 909 3482; x_wconf 91' lang='lat' dir='ltr'>cf.</span> <span class='ocrx_word' id='word_1_274' title='bbox 925 3418 961 3505; x_wconf 88' lang='grc'>4)</span> <span class='ocrx_word' id='word_1_275' title='bbox 985 3418 1173 3506; x_wconf 89' lang='lat' dir='ltr'>ibidemque</span> <span class='ocrx_word' id='word_1_276' title='bbox 1190 3416 1250 3483; x_wconf 92' lang='lat' dir='ltr'>teli</span> <span class='ocrx_word' id='word_1_277' title='bbox 1270 3422 1440 3488; x_wconf 86' lang='lat' dir='ltr'>notionem</span> <span class='ocrx_word' id='word_1_278' title='bbox 1461 3444 1514 3488; x_wconf 81' lang='lat' dir='ltr'>ex·</span> 
     </span>
     <span class='ocr_line' id='line_1_30' title="bbox 365 3518 1515 3608; baseline 0.005 -24"><span class='ocrx_word' id='word_1_279' title='bbox 365 3519 515 3608; x_wconf 89' lang='lat' dir='ltr'>planaret</span> <span class='ocrx_word' id='word_1_280' title='bbox 531 3521 587 3607; x_wconf 80' lang='lat' dir='ltr'>(D.</span> <span class='ocrx_word' id='word_1_281' title='bbox 604 3522 657 3606; x_wconf 86' lang='lat'>50,</span> <span class='ocrx_word' id='word_1_282' title='bbox 676 3521 726 3607; x_wconf 83' lang='lat'>16,</span> <span class='ocrx_word' id='word_1_283' title='bbox 742 3520 835 3604; x_wconf 79' lang='lat'>233):</span> <span class='ocrx_word' id='word_1_284' title='bbox 859 3542 932 3585; x_wconf 92' lang='lat' dir='ltr'>cum</span> <span class='ocrx_word' id='word_1_285' title='bbox 954 3518 1047 3585; x_wconf 92' lang='lat' dir='ltr'>illum</span> <span class='ocrx_word' id='word_1_286' title='bbox 1068 3520 1232 3607; x_wconf 83' lang='lat' dir='ltr'>singulas,</span> <span class='ocrx_word' id='word_1_287' title='bbox 1246 3522 1334 3588; x_wconf 89' lang='lat' dir='ltr'>hunc</span> <span class='ocrx_word' id='word_1_288' title='bbox 1354 3524 1453 3593; x_wconf 90' lang='lat' dir='ltr'>binas</span> <span class='ocrx_word' id='word_1_289' title='bbox 1468 3534 1515 3590; x_wconf 89' lang='lat' dir='ltr'>ta·</span> 
     </span>
    </p>
   </div>
   <div class='ocr_carea' id='block_1_6' title="bbox 366 3724 1513 3900">
    <p class='ocr_par' dir='ltr' id='par_1_7' title="bbox 366 3724 1513 3900">
     <span class='ocr_line' id='line_1_31' title="bbox 366 3724 1512 3817; baseline 0 -25"><span class='ocrx_word' id='word_1_290' title='bbox 366 3725 519 3793; x_wconf 88' lang='lat' dir='ltr'>thofredo</span> <span class='ocrx_word' id='word_1_291' title='bbox 551 3727 597 3814; x_wconf 91' lang='lat' dir='ltr'>(p.</span> <span class='ocrx_word' id='word_1_292' title='bbox 622 3728 682 3791; x_wconf 87' lang='lat'>113</span> <span class='ocrx_word' id='word_1_293' title='bbox 707 3726 807 3813; x_wconf 81' lang='lat' dir='ltr'>sqq).</span> <span class='ocrx_word' id='word_1_294' title='bbox 853 3724 947 3806; x_wconf 79' lang='lat' dir='ltr'>Quae</span> <span class='ocrx_word' id='word_1_295' title='bbox 972 3747 1072 3812; x_wconf 90' lang='lat' dir='ltr'>quam</span> <span class='ocrx_word' id='word_1_296' title='bbox 1097 3726 1164 3791; x_wconf 92' lang='lat' dir='ltr'>sint</span> <span class='ocrx_word' id='word_1_297' title='bbox 1188 3726 1334 3813; x_wconf 87' lang='lat' dir='ltr'>infirma,</span> <span class='ocrx_word' id='word_1_298' title='bbox 1360 3729 1512 3817; x_wconf 88' lang='lat' dir='ltr'>pluribus</span> 
     </span>
     <span class='ocr_line' id='line_1_32' title="bbox 367 3818 1513 3900; baseline 0 -7"><span class='ocrx_word' id='word_1_299' title='bbox 367 3829 591 3895; x_wconf 86' lang='lat' dir='ltr'>demonstrare</span> <span class='ocrx_word' id='word_1_300' title='bbox 606 3828 747 3893; x_wconf 86' lang='lat' dir='ltr'>otiosum</span> <span class='ocrx_word' id='word_1_301' title='bbox 767 3826 878 3892; x_wconf 87' lang='lat' dir='ltr'>fuerit.</span> <span class='ocrx_word' id='word_1_302' title='bbox 916 3825 1055 3891; x_wconf 90' lang='lat' dir='ltr'>Omnino</span> <span class='ocrx_word' id='word_1_303' title='bbox 1077 3838 1187 3894; x_wconf 89' lang='lat' dir='ltr'>autem</span> <span class='ocrx_word' id='word_1_304' title='bbox 1202 3831 1360 3898; x_wconf 82' lang='lat' dir='ltr'>credibile</span> <span class='ocrx_word' id='word_1_305' title='bbox 1381 3856 1449 3900; x_wconf 92' lang='lat' dir='ltr'>non</span> <span class='ocrx_word' id='word_1_306' title='bbox 1464 3818 1513 3897; x_wconf 78' lang='lat' dir='ltr'>bat</span> 
     </span>
    </p>
   </div>
   <div class='ocr_carea' id='block_1_7' title="bbox 365 3928 1508 4019">
    <p class='ocr_par' dir='ltr' id='par_1_8' title="bbox 365 3928 1508 4019">
     <span class='ocr_line' id='line_1_33' title="bbox 365 3928 1508 4019; baseline -0.003 -23"><span class='ocrx_word' id='word_1_307' title='bbox 365 3930 472 4019; x_wconf 88' lang='lat' dir='ltr'>pactis</span> <span class='ocrx_word' id='word_1_308' title='bbox 489 3930 530 3997; x_wconf 92' lang='lat' dir='ltr'>de</span> <span class='ocrx_word' id='word_1_309' title='bbox 545 3930 634 3997; x_wconf 84' lang='lat' dir='ltr'>furto</span> <span class='ocrx_word' id='word_1_310' title='bbox 650 3928 809 4015; x_wconf 84' lang='lat' dir='ltr'>singulari</span> <span class='ocrx_word' id='word_1_311' title='bbox 825 3938 1000 4016; x_wconf 87' lang='lat' dir='ltr'>praecepto</span> <span class='ocrx_word' id='word_1_312' title='bbox 1015 3940 1224 4018; x_wconf 89' lang='lat' dir='ltr'>prospectum</span> <span class='ocrx_word' id='word_1_313' title='bbox 1245 3933 1349 3999; x_wconf 85' lang='lat' dir='ltr'>fuisse</span> <span class='ocrx_word' id='word_1_314' title='bbox 1369 3936 1404 3999; x_wconf 91' lang='lat' dir='ltr'>in</span> <span class='ocrx_word' id='word_1_315' title='bbox 1420 3934 1508 4018; x_wconf 87' lang='lat' dir='ltr'>lege:</span> 
     </span>
    </p>
   </div>
   <div class='ocr_carea' id='block_1_8' title="bbox 258 4030 1511 4117">
    <p class='ocr_par' dir='ltr' id='par_1_9' title="bbox 258 4030 1511 4117">
     <span class='ocr_line' id='line_1_34' title="bbox 258 4030 1511 4117; baseline -0.003 -18"><span class='ocrx_word' id='word_1_316' title='bbox 258 4052 260 4057; x_wconf 80' lang='grc'>’</span> <span class='ocrx_word' id='word_1_317' title='bbox 365 4032 424 4101; x_wconf 92' lang='lat' dir='ltr'>ubi</span> <span class='ocrx_word' id='word_1_318' title='bbox 438 4034 584 4099; x_wconf 90' lang='lat' dir='ltr'>breviter</span> <span class='ocrx_word' id='word_1_319' title='bbox 600 4032 705 4098; x_wconf 88' lang='lat' dir='ltr'>soleat</span> <span class='ocrx_word' id='word_1_320' title='bbox 716 4030 833 4097; x_wconf 84' lang='lat' dir='ltr'>inseri:</span> <span class='ocrx_word' id='word_1_321' title='bbox 852 4040 926 4095; x_wconf 85' lang='lat' dir='ltr'>‘rem</span> <span class='ocrx_word' id='word_1_322' title='bbox 942 4036 1004 4096; x_wconf 81' lang='lat' dir='ltr'>ubi</span> <span class='ocrx_word' id='word_1_323' title='bbox 1015 4046 1164 4113; x_wconf 37' lang='lat' dir='ltr'>‘patant</span> <span class='ocrx_word' id='word_1_324' title='bbox 1176 4048 1293 4101; x_wconf 84' lang='lat' dir='ltr'>orato.</span> <span class='ocrx_word' id='word_1_325' title='bbox 1320 4041 1511 4117; x_wconf 81' lang='lat' dir='ltr'>aipacaat</span> 
     </span>
    </p>
   </div>
   <div class='ocr_carea' id='block_1_9' title="bbox 364 4310 1508 4633">
    <p class='ocr_par' dir='ltr' id='par_1_10' title="bbox 364 4310 1508 4633">
     <span class='ocr_line' id='line_1_35' title="bbox 434 4310 1508 4381; baseline 0 -20"><span class='ocrx_word' id='word_1_326' title='bbox 434 4310 454 4375; x_wconf 86' lang='lat'>¹)</span> <span class='ocrx_word' id='word_1_327' title='bbox 477 4312 558 4361; x_wconf 89' lang='lat' dir='ltr'>Hunc</span> <span class='ocrx_word' id='word_1_328' title='bbox 576 4324 677 4360; x_wconf 79' lang='lat' dir='ltr'>moreni</span> <span class='ocrx_word' id='word_1_329' title='bbox 696 4324 750 4358; x_wconf 88' lang='lat' dir='ltr'>non</span> <span class='ocrx_word' id='word_1_330' title='bbox 770 4325 802 4359; x_wconf 83' lang='lat' dir='ltr'>ex</span> <span class='ocrx_word' id='word_1_331' title='bbox 821 4310 883 4376; x_wconf 85' lang='lat' dir='ltr'>lege</span> <span class='ocrx_word' id='word_1_332' title='bbox 902 4310 1009 4361; x_wconf 84' lang='lat' dir='ltr'>demum</span> <span class='ocrx_word' id='word_1_333' title='bbox 1032 4312 1184 4377; x_wconf 85' lang='lat' dir='ltr'>proticisci,</span> <span class='ocrx_word' id='word_1_334' title='bbox 1208 4314 1257 4364; x_wconf 84' lang='lat' dir='ltr'>aad</span> <span class='ocrx_word' id='word_1_335' title='bbox 1281 4330 1316 4364; x_wconf 88' lang='lat' dir='ltr'>ex</span> <span class='ocrx_word' id='word_1_336' title='bbox 1332 4315 1396 4381; x_wconf 87' lang='lat' dir='ltr'>ipsa</span> <span class='ocrx_word' id='word_1_337' title='bbox 1413 4319 1508 4365; x_wconf 80' lang='lat' dir='ltr'>natura</span> 
     </span>
     <span class='ocr_line' id='line_1_36' title="bbox 364 4395 1507 4466; baseline -0.003 -17"><span class='ocrx_word' id='word_1_338' title='bbox 364 4399 487 4465; x_wconf 86' lang='lat' dir='ltr'>ipsisque</span> <span class='ocrx_word' id='word_1_339' title='bbox 513 4396 638 4447; x_wconf 84' lang='lat' dir='ltr'>familias</span> <span class='ocrx_word' id='word_1_340' title='bbox 663 4396 817 4446; x_wconf 84' lang='lat' dir='ltr'>rationibus</span> <span class='ocrx_word' id='word_1_341' title='bbox 840 4397 887 4447; x_wconf 86' lang='lat' dir='ltr'>vix</span> <span class='ocrx_word' id='word_1_342' title='bbox 910 4400 954 4447; x_wconf 85' lang='lat' dir='ltr'>est</span> <span class='ocrx_word' id='word_1_343' title='bbox 977 4396 1048 4462; x_wconf 90' lang='lat' dir='ltr'>quod</span> <span class='ocrx_word' id='word_1_344' title='bbox 1072 4414 1207 4450; x_wconf 86' lang='lat' dir='ltr'>moneam.</span> <span class='ocrx_word' id='word_1_345' title='bbox 1243 4400 1280 4450; x_wconf 86' lang='grc'>61.</span> <span class='ocrx_word' id='word_1_346' title='bbox 1304 4399 1413 4466; x_wconf 74' lang='lat' dir='ltr'>sigism.</span> <span class='ocrx_word' id='word_1_347' title='bbox 1433 4395 1507 4451; x_wconf 68' lang='lat' dir='ltr'>stot-</span> 
     </span>
     <span class='ocr_line' id='line_1_37' title="bbox 364 4476 1507 4552; baseline -0.002 -18"><span class='ocrx_word' id='word_1_348' title='bbox 364 4476 532 4551; x_wconf 84' lang='lat' dir='ltr'>drayirslrius</span> <span class='ocrx_word' id='word_1_349' title='bbox 550 4482 583 4533; x_wconf 87' lang='lat' dir='ltr'>de</span> <span class='ocrx_word' id='word_1_350' title='bbox 603 4482 670 4545; x_wconf 84' lang='lat' dir='ltr'>orig.</span> <span class='ocrx_word' id='word_1_351' title='bbox 691 4498 724 4533; x_wconf 86' lang='lat' dir='ltr'>ac</span> <span class='ocrx_word' id='word_1_352' title='bbox 747 4496 893 4547; x_wconf 84' lang='lat' dir='ltr'>progressu</span> <span class='ocrx_word' id='word_1_353' title='bbox 916 4482 1023 4534; x_wconf 84' lang='lat' dir='ltr'>tutelae</span> <span class='ocrx_word' id='word_1_354' title='bbox 1035 4482 1188 4534; x_wconf 81' lang='lat' dir='ltr'>muliebris</span> <span class='ocrx_word' id='word_1_355' title='bbox 1211 4499 1283 4549; x_wconf 89' lang='lat' dir='ltr'>quae</span> <span class='ocrx_word' id='word_1_356' title='bbox 1307 4502 1351 4552; x_wconf 89' lang='lat' dir='ltr'>ap.</span> <span class='ocrx_word' id='word_1_357' title='bbox 1370 4482 1507 4537; x_wconf 72' lang='grc'><strong>1161661-</strong></span> 
     </span>
     <span class='ocr_line' id='line_1_38' title="bbox 364 4556 817 4633; baseline -0.002 -13"><span class='ocrx_word' id='word_1_358' title='bbox 364 4566 448 4621; x_wconf 86' lang='lat' dir='ltr'>tinuit</span> <span class='ocrx_word' id='word_1_359' title='bbox 466 4566 556 4620; x_wconf 86' lang='lat' dir='ltr'>Berol.</span> <span class='ocrx_word' id='word_1_360' title='bbox 578 4568 644 4619; x_wconf 80' lang='lat'>1853</span> <span class='ocrx_word' id='word_1_361' title='bbox 662 4584 687 4633; x_wconf 89' lang='lat' dir='ltr'>p.</span> <span class='ocrx_word' id='word_1_362' title='bbox 708 4572 739 4619; x_wconf 86' lang='lat'>13</span> <span class='ocrx_word' id='word_1_363' title='bbox 758 4556 817 4633; x_wconf 87' lang='lat' dir='ltr'>sqq.</span> 
     </span>
    </p>
   </div>
   <div class='ocr_carea' id='block_1_10' title="bbox 0 0 1711 5409">
    <p class='ocr_par' dir='ltr' id='par_1_11' title="bbox 0 0 1711 5409">
     <span class='ocr_line' id='line_1_39' title="bbox 0 0 1711 5409; baseline 0 0"><span class='ocrx_word' id='word_1_364' title='bbox 0 0 1711 5409; x_wconf 95' lang='lat' dir='ltr'> </span> 
     </span>
    </p>
   </div>
  </div>
 </body>
</html>
