3409 5409
418 524 465 572 DE
488 484 672 573 nvonncllt
696 523 912 572 TABVLARVM
934 524 1110 571 MEMORIA.
1320 510 1341 573 ἶ)

186 680 281 747 litate
296 679 482 767 suspicatus
499 686 550 745 est
563 676 780 765 exemploque
795 677 941 743 firmavit
961 678 1178 766 suspitionem
1191 678 1340 747 Ritsche·

186 780 251 847 lius
267 781 301 845 in
317 782 413 849 Poes.
430 790 554 847 saturn.
573 778 721 867 spicileg.
736 778 754 843 I
770 779 921 865 (Bonnae
938 780 1035 868 1854)
1050 803 1084 869 p.
1099 780 1121 846 5
1135 804 1185 868 sq.
1195 781 1219 868 ¹)

272 883 376 970 Atqui
400 881 611 949 haecomnia
637 904 732 949 susm
752 882 822 947 vim
845 882 1014 949 habebant
1038 882 1083 947 sd
1102 883 1340 949 immutandam

185 984 348 1074 paulatim
362 984 538 1071 pristinam
553 983 637 1071 legis
653 982 891 1051 condicionem·
921 982 1054 1051 Accidit
1074 966 1162 1050 sirim
1184 986 1272 1073 quod
1286 1010 1339 1053 so·

186 1087 233 1155 let
246 1086 396 1153 accidere
410 1088 445 1153 in
459 1110 496 1153 re
510 1110 574 1153 usu
589 1086 742 1153 diuturno
762 1085 843 1153 trita
862 1094 962 1173 atque
982 1108 1040 1152 ore
1054 1096 1087 1152 st
1103 1086 1273 1153 anditione
1288 1111 1339 1154 ce

186 1186 331 1257 lebrata:
349 1199 387 1256 ut
401 1191 554 1276 antiquus
570 1186 626 1254 ille
642 1189 801 1253 sermonis
823 1186 913 1255 color
927 1188 1049 1255 sensim
1063 1192 1248 1277 sensimque
1263 1190 1337 1257 abs·

188 1300 372 1377 tergeretur
386 1302 419 1359 et
433 1291 476 1357 ad
490 1291 658 1378 propriam
673 1290 831 1378 cuiusque
848 1291 968 1357 auris
985 1291 1255 1357 consuetudinem
1270 1314 1338 1376 ma·
1381 1320 1384 1325 ·

186 1394 238 1479 gie
256 1393 559 1459 accommodaretur
565 1393 605 1477 ²),
621 1390 758 1480 perinde
772 1404 810 1459 ut
820 1391 960 1459 Lutheri
976 1394 1132 1459 nostratis
1145 1392 1338 1482 Scripturas

187 1518 303 1561 sacrae
318 1494 636 1583 versioniobtigiese
650 1504 763 1561 notum
784 1506 845 1563 eet.
876 1494 971 1577 Quae
990 1518 1043 1561 res
1063 1495 1219 1563 ntvalde
1239 1516 1338 1583 appo-

186 1598 253 1665 sita
273 1596 338 1663 fuit
357 1607 456 1683 atque
479 1598 561 1663 adeo
582 1598 768 1674 necessaria
788 1596 831 1663 ad
850 1595 978 1682 largam
997 1592 1090 1663 illam
1109 1596 1264 1663 utilitatis
1285 1620 1337 1665 co-

186 1700 275 1788 piam
290 1696 411 1786 populo
427 1696 718 1786 suppeditandum,
734 1699 781 1765 ita
796 1698 1029 1767 detrimentum
1049 1698 1162 1765 attulit
1180 1700 1337 1785 gravisu-

186 1823 274 1867 mum
298 1809 331 1866 et
351 1822 528 1888 numquam
549 1822 615 1867 nou
642 1798 818 1867 dolendum
839 1800 1062 1889 grammaticis
1085 1802 1214 1867 studiis.
1251 1798 1337 1865 Nam

185 1926 270 1991 quae
285 1903 319 1968 in
334 1903 486 1993 quintum
500 1913 534 1971 et
548 1912 678 1970 sextum
692 1902 784 1969 urbis
802 1903 973 1970 saeculnm
988 1900 1105 1969 incidit
1123 1900 1256 1990 linguas
1277 1902 1336 1968 im-

255 2195 276 2261 ¹)
295 2198 354 2249 ‘Dc
373 2194 416 2249 his
435 2198 507 2249 enim
524 2197 619 2248 verbis
637 2196 691 2248 etsi
709 2196 739 2247 in
762 2195 890 2249 diversas
910 2200 1007 2263 partes
1030 2210 1092 2247 cum
1114 2195 1223 2247 discedi
1243 2200 1338 2263 potest

186 2286 244 2332 tnm
263 2280 416 2333 discessum
436 2285 492 2347 cst,
510 2285 603 2332 tumen
622 2281 676 2331 arti
696 2282 866 2333 conveniens
883 2282 1080 2349 interpretatio
1101 2282 1149 2332 vix
1169 2280 1245 2333 aliud
1263 2283 1336 2347 pati-

186 2374 231 2417 tur
248 2366 303 2417 nisi
321 2370 352 2416 ut
369 2380 468 2433 reapse
486 2364 564 2431 leges
583 2364 637 2415 xll
655 2363 813 2417 tabularum
832 2366 901 2417 illas
921 2366 1073 2431 aliquando
1092 2366 1180 2416 inisse
1206 2366 1236 2415 in
1254 2367 1337 2416 metri

186 2452 303 2503 formam
321 2450 452 2502 redactae
475 2448 631 2504 credantur.
668 2450 747 2514 Quae
770 2464 815 2501 res
840 2466 923 2516 quam
945 2456 975 2502 st
997 2467 1015 2501 s
1036 2450 1168 2501 similium
1192 2466 1335 2517 compara-

185 2538 261 2589 tione
280 2536 547 2589 commendationem
564 2540 593 2586 et
610 2534 818 2589 demonstrandi
834 2534 1019 2601 multiplicem
1032 2536 1191 2587 sentimum
1207 2535 1336 2601 heberet,
1439 2608 1442 2613 Ι

185 2622 369 2673 meminerunt
394 2626 474 2689 puto,
504 2620 550 2687 qui
579 2619 700 2687 publicis
726 2620 832 2673 scholis
862 2620 965 2673 nostris
994 2620 1196 2680 interfuerunt,
1227 2618 1336 2684 aliquot

185 2708 319 2773 exemplis
338 2708 379 2759 its
396 2722 447 2758 nos
464 2711 625 2773 persecutos
642 2721 721 2769 csse,
740 2710 771 2757 ιιι
789 2722 877 2773 genus
894 2721 1068 2757 numerorum
1091 2720 1135 2756 ne·
1149 2706 1202 2756 hoc
1225 2705 1335 2771 quidem

186 2790 262 2845 alind
281 2797 364 2858 atque
383 2791 543 2843 Sstnminm
562 2790 649 2844 inisse
669 2792 888 2847 ostenderemus.
923 2792 1009 2844 Velut
1025 2791 1115 2857 ipsum
1137 2790 1207 2841 illud
1224 2790 1335 2842 Cicero-

186 2878 229 2928 nis
252 2876 406 2943 exemplum
436 2876 472 2927 ad
496 2890 556 2927 eam
580 2892 704 2928 normam
726 2876 784 2928 leni
807 2878 889 2929 unius
911 2877 1028 2929 voculas
1054 2876 1271 2943 transpositione
1294 2878 1336 2929 sic

186 2960 309 3014 accedit:

381 3046 443 3099 Hoc
461 3045 524 3116 plis
542 3063 578 3099 ns
598 3046 699 3101 licito:
717 3046 753 3099 nd
771 3062 867 3115 rogum
884 3074 920 3085 -
937 3046 1016 3099 decia
1034 3045 1131 3115 polito.

184 3134 240 3185 nisi
251 3138 313 3184 “ne
326 3132 385 3186 Asci
397 3159 432 3171 -
444 3132 461 3185 d
473 3131 569 3201 rogim
581 3132 696 3200 polito”
711 3133 802 3187 malis.
826 3135 1001 3199 Quamquam
1013 3134 1099 3185 etism
1118 3130 1242 3201 “rogum
1253 3149 1290 3184 ns
1301 3160 1336 3171 -

184 3218 263 3269 Ascit
281 3217 396 3285 polito''
413 3219 500 3270 habet
523 3218 571 3286 qui
593 3218 766 3275 defendetur.
801 3220 873 3272 Nam
890 3220 963 3270 omni
980 3218 1162 3284 supersedere
1180 3220 1332 3285 transposi-

184 3304 260 3355 tione
279 3304 320 3355 ita
338 3308 445 3356 tantum
463 3305 583 3370 poteris,
602 3308 633 3354 ut
650 3309 760 3355 resecto
778 3305 954 3371 pronomine,
978 3302 1050 3370 quod
1067 3307 1161 3354 tamen
1178 3302 1234 3369 ipsi
1252 3302 1330 3354 Cice·

184 3388 245 3439 roni
262 3390 386 3441 tribuere
404 3390 452 3441 vix
471 3388 574 3453 susim,
592 3390 726 3455 scripturn
745 3389 833 3441 inisse
851 3391 880 3440 in
896 3390 953 3441 xn
970 3389 1064 3440 dicas:

380 3474 447 3525 Plus
465 3471 501 3523 ud
519 3472 622 3523 iucitd:
641 3488 736 3539 rogum
754 3474 814 3525 Asci
830 3500 865 3513 -·-
883 3474 900 3525 t
917 3473 953 3524 nti
970 3472 1081 3540 polito!
1094 3498 1128 3509 —

185 3560 274 3609 Feret
290 3557 337 3608 isti
356 3559 479 3624 opinioni
498 3558 583 3609 etiem
601 3558 737 3625 oppositio
756 3558 829 3625 apud
847 3558 907 3613 Cic.
925 3558 959 3609 ds
977 3574 1016 3611 or.
1034 3558 1049 3608 I
1066 3558 1108 3617 ui,
1126 3558 1177 3613 sto
1193 3563 1239 3609 ‘at
1256 3566 1335 3611 totam

184 3646 247 3699 iilud
263 3646 329 3695 “ati
349 3646 435 3709 tinprra
461 3644 651 3709 nancnpassit”
670 3660 720 3694 non
742 3642 771 3693 in
789 3644 850 3695 XII
867 3643 972 3702 rainu,
992 3658 1056 3709 qaas
1073 3649 1101 3693 ta
1118 3641 1231 3693 omnibus
1248 3642 1334 3695 billio·

184 3726 263 3780 rtem
280 3731 426 3795 anteponis,
445 3730 493 3780 ssd
510 3730 536 3779 in
557 3730 674 3793 mapistri
697 3731 836 3780 carmine
858 3730 981 3793 scriptam
1002 3729 1156 3781 videretur?
1190 3727 1281 3793 Atque
1300 3744 1334 3781 ex

184 3813 228 3866 his
246 3813 315 3865 louis
338 3816 394 3865 ism
410 3814 541 3867 Budaeus
564 3813 681 3880 aliique,
706 3814 740 3865 de
763 3814 864 3879 quibus
888 3814 925 3865 ci.
945 3815 1011 3885 Otto
1029 3811 1164 3865 Thesaur.
1182 3812 1225 3865 111
1242 3814 1332 3880 praei.

183 3916 211 3965 p.
228 3900 258 3963 ὅ,
285 3898 319 3950 ds
336 3901 455 3951 metrica
473 3901 565 3975 torma&
578 3900 773 3967 cogitaverunt
795 3900 849 3951 etsi
871 3900 965 3966 inepte
989 3914 1051 3950 esur
1075 3898 1144 3965 ipsis
1168 3898 1334 3950 decemviris

183 3984 353 4037 tribuentes..
371 3984 474 4037 Contra
492 3984 615 4051 vulgaris
633 3985 662 4035 iu
681 3984 742 4037 loco
760 3984 794 4037 de
812 3985 887 4051 legg,
905 3985 1053 4036 verborum
1070 3982 1267 4048 explicationis
1284 3998 1333 4049 ps-

121 4122 123 4125 .
183 4069 328 4123 trocinium
346 4070 470 4136 suscepit
482 4070 656 4122 Dnentserns
674 4070 703 4121 in
715 4068 871 4122 Mnetssllii
882 4069 981 4123 Annei.
994 4070 1036 4121 rei
1048 4084 1139 4135 gymn.
1153 4069 1218 4121 1867
1236 4084 1262 4134 p.
1275 4070 1292 4119 3
1304 4083 1331 4121 n.

183 4154 232 4219 (ei.
249 4154 455 4219 Bernhardyius
474 4155 549 4205 Hist.
571 4156 627 4207 litt.
646 4170 712 4207 rom.
731 4172 759 4221 p.
777 4158 827 4209 877
846 4156 889 4208 ed.
906 4155 935 4222 t)
956 4155 1059 4207 collato
1077 4154 1204 4205 Senecae
1222 4153 1241 4227 l.
1261 4153 1333 4205 cou-

141 4228 144 4235 ’
182 4238 298 4293 trov.11
318 4242 349 4291 lo
368 4242 451 4306 ‘qrsod
471 4240 618 4293 scholastici
639 4242 736 4307 quasi
757 4256 860 4293 carmen
883 4243 1044 4294 Menam'
1062 4254 1145 4304 quem
1167 4239 1266 4291 merito
1288 4254 1332 4291 rs·

184 4322 258 4377 tellit
274 4322 447 4376 It'ibbeckius
464 4326 493 4375 in
511 4324 691 4377 Fleckeiseni
708 4325 808 4377 Anusl.
827 4324 895 4392 phil.
911 4340 938 4379 r.
956 4328 989 4377 77
1008 4342 1035 4391 p.
1052 4326 1111 4376 203.

249 4407 271 4473 ²)
291 4410 329 4461 ci.
347 4408 453 4463 Marius
471 4410 630 4461 Victorinus
648 4426 675 4477 p.
694 4412 762 4462 stoa
778 4410 810 4461 P.
829 4410 875 4461 Ita
898 4412 993 4468 notai,
1015 4416 1044 4460 ut
1067 4416 1180 4475 apparet
1201 4424 1237 4461 ex
1259 4409 1333 4461 tibris

182 4496 293 4561 artiqais
308 4496 442 4559 foedemus
459 4503 484 4547 et
504 4492 558 4561 [ex]
577 4498 664 4560 ispum,
684 4497 727 4563 qni
739 4498 838 4547 etiamsi
854 4512 891 4546 etc
905 4497 1040 4562 frequenti
1050 4496 1267 4561 transcriptione
1284 4498 1333 4547 ati·

183 4582 244 4647 qaid
260 4586 400 4643 manunt,
420 4588 501 4631 tamen
518 4582 631 4633 retinent
649 4582 825 4647 antiquitatem
844 4596 872 4631 e·
891 4596 916 4646 q.
936 4595 958 4631 s.
