3409 5409
324 516 387 564 VIII
724 516 729 525 '
794 518 993 567 PRAEFATIO

324 674 479 753 denegare
502 685 555 735 aut
577 676 648 736 volo
671 684 723 735 aut
738 678 764 736 si
780 678 875 736 velim
890 678 1020 757 possim:
1044 699 1152 737 verum
1173 656 1232 737 lroc
1247 678 1346 737 solum
1368 698 1469 739 meum

324 786 390 836 erat
411 796 518 855 agere,
548 786 583 838 ut
610 779 678 857 ipsa
705 779 783 859 legis
807 789 1040 858 praeceptorum
1062 782 1197 858 vestigia
1222 780 1304 859 apud
1327 788 1468 841 auctores

321 887 444 939 veteres
466 879 574 939 relicta
597 881 818 961 conquirerem.
859 882 964 962 Atque
986 882 1078 941 huius
1100 882 1250 941 fastorum
1271 884 1469 943 correctionis

322 990 445 1060 praeter
468 981 657 1043 Ouidianum
685 984 895 1043 testimonium
923 1005 963 1043 ex
983 986 1123 1045 Varrone
1145 984 1301 1058 haustum,
1337 984 1376 1045 dc
1405 1004 1467 1065 quo

321 1103 396 1145 vere
417 1084 536 1153 iudicat
550 1085 758 1147 Mommsenus
781 1106 811 1165 p.
829 1088 878 1157 32,
902 1085 986 1146 idem
1008 1096 1113 1146 monet
1135 1087 1391 1165 significationem
1410 1088 1467 1145 etsi
1527 1072 1533 1078 ’

322 1184 527 1246 obscuriorem
550 1208 607 1247 nec
621 1187 681 1247 fide
706 1187 878 1267 digniorem
895 1187 1087 1267 deprehendi
1110 1190 1141 1247 in
1158 1189 1292 1269 Dionysi
1309 1188 1467 1247 Halicaru.

324 1287 366 1349 de
386 1289 567 1350 decemviris
590 1289 717 1349 alterius
741 1292 816 1349 anni
839 1292 1017 1349 narratione
1037 1292 1070 1349 X
1086 1291 1124 1349 59
1148 1286 1183 1351 ἐν
1206 1287 1242 1349 δὲ
1263 1292 1309 1370 τῷ
1332 1286 1467 1350 κατόπιν

322 1386 384 1453 ἔτει
399 1372 640 1467 παραλαβόντες
655 1389 712 1465 τὴν
729 1387 884 1467 ὑπατικὴν
900 1388 1044 1454 {tortior
1060 1389 1091 1453 oi
1109 1390 1165 1453 (ὺν
1181 1386 1303 1472 Ἀππίῳ
1321 1388 1474 1472 Κλαυδίῳ-

251 1536 253 1543 ,
321 1490 397 1553 δέκα
412 1487 527 1569 ἄνδρες
546 1489 642 1554 εἰδοῖς
658 1492 775 1569 pulcre·
797 1489 895 1567 ἦγον
916 1492 958 1554 δὲ
979 1491 1071 1554 τοὺς
1093 1494 1217 1569 μῆνα(
1238 1491 1334 1554 κατὰ
1356 1491 1467 1567 celir-

321 1612 393 1671 νην
417 1594 478 1656 καὶ
501 1593 736 1657 (υνέπιπτεν
760 1592 815 1657 εἰς
841 1593 909 1657 τὰ(
932 1592 1062 1657 εἰδοὺς
1084 1592 1377 1669 ἡπανεέληνο(
1398 1594 1466 1655 κτλ.

320 1698 388 1757 Nec
416 1696 695 1758 de·intercalando
720 1699 794 1778 quin
819 1697 933 1757 diserte
958 1700 1181 1777 praescriptum
1208 1698 1304 1758 fuerit
1331 1700 1363 1757 iu
1386 1697 1465 1776 lege,

322 1799 484 1859 dubitandi
498 1820 605 1860 ansam
620 1800 716 1860 fnisse
738 1801 798 1859 iam
816 1801 957 1860 intellexi
974 1801 1070 1880 eique¹
1086 1808 1253 1879 praecepto
1276 1818 1364 1859 suum
1385 1800 1468 1858 inter

321 1900 493 1979 fragmenta
520 1902 621 1961 locum
647 1902 750 1961 tribui.
799 1903 950 1961 Nimirum
981 1922 1049 1961 cnm
1082 1904 1114 1961 in
1148 1921 1231 1962 nova
1262 1900 1467 1964 intercalandi

287 2058 290 2065 .
321 2004 442 2082 regula,
473 2024 535 2084 qua
561 2005 644 2087 intra
672 2013 837 2085 quaternos
866 2024 966 2064 annos
996 2005 1057 2064 duo
1085 2023 1223 2075 menses,
1254 2003 1333 2063 alter
1354 2003 1467 2081 viginti

320 2107 412 2166 trium
430 2105 555 2179 dierum,
578 2108 691 2184 viginti
714 2106 841 2166 duorum
863 2107 942 2167 alter
963 2106 1232 2185 interpolarentur,
1256 2104 1349 2165 cardo
1372 2105 1466 2163 totius

321 2208 724 2287 novationis-decemviralis
735 2218 921 2280 versaretur,
938 2218 1002 2268 tum
1018 2207 1178 2287 probabile
1194 2216 1241 2268 est
1253 2206 1466 2287 Sempronium

321 2310 510 2371 Tuditanum
539 2319 569 2370 ct
599 2309 737 2371 Cassium
766 2312 932 2371 Hominem
960 2310 1130 2371 annalistas
1159 2331 1223 2369 non
1251 2308 1377 2369 aliunde
1400 2308 1493 2367 ‘nisit

321 2433 361 2472 ex
381 2414 450 2493 ipsa
471 2413 552 2491 lege·
565 2413 631 2471 XII
653 2412 824 2472 tabularum
848 2433 935 2472 suam
958 2413 997 2471 de
1019 2413 1072 2472 illa
1095 2412 1256 2489 rogatione
1279 2411 1466 2471 mentionem

313 2515 460 2603 'petilasa

406 2616 553 2697 Denique
568 2618 751 2698 postliminii
767 2611 837 2677 iure
847 2619 920 2677 huic
937 2618 1005 2679 loco
1022 2616 1248 2678 restituendum
1263 2625 1366 2676 est-
1381 2614 1466 2695 quod

322 2718 434 2793 nollem
458 2719 571 2779 factum
594 2728 627 2779 ut
649 2720 727 2799 eripi
750 2720 823 2779 mihi
845 2729 968 2799 paterer
984 2753 1025 2762 -
1046 2722 1174 2782 tertium
1195 2740 1254 2798 quo
1277 2718 1467 2799 compleatur

322 2842 465 2881 uumerus
502 2820 737 2900 splendidorum
764 2822 946 2883 Mommseni
975 2823 1100 2883 de'XIl
1130 2820 1242 2881 tabulis
1276 2822 1466 2880 meritorum.

322 2923 400 2983 Nam
424 2924 475 3003 qui
498 2924 595 2983 fastos
617 2921 753 2984 reddidit
768 2923 959 2999 decemviris,
983 2925 1066 2985 idem
1087 2926 1126 2985 ab
1141 2924 1239 2983 isdem
1257 2925 1349 2984 etiam
1363 2941 1466 2981 num-

322 3044 460 3085 morum
483 3025 759 3103 signandorum
781 3026 954 3087 institutum
976 3028 1148 3107 profectum
1170 3045 1255 3098 ease,
1285 3044 1351 3084 cum
1374 3031 1467 3083 antea

322 3126 533 3187 tantummodo
557 3128 637 3187 aeris
660 3128 726 3187 sive
749 3129 833 3189 rudia
856 3130 922 3189 sive
944 3130 1059 3208 signati
1080 3150 1153 3188 usus
1181 3128 1304 3199 fuisset,
1335 3126 1467 3185 feliciter

323 3230 466 3290 odoratus
489 3238 536 3290 est
558 3230 639 3289 Hist.
663 3231 707 3288 rei
731 3232 918 3315 nummariae
940 3232 1027 3291 Rom.
1049 3254 1080 3311 p.
1100 3235 1159 3290 175
1174 3251 1236 3310 sq.:
1259 3228 1343 3289 unde
1365 3227 1465 3308 seqni-

323 3341 372 3392 tur
395 3352 435 3393 ne
456 3332 515 3391 lroc
538 3332 660 3413 quidem
683 3334 715 3391 in
739 3353 854 3411 genere
877 3334 915 3392 ab
937 3333 1139 3393 Atheniensis
1166 3331 1353 3411 legislatoris
1375 3331 1468 3389 fasto-

323 3454 388 3494 rum
404 3434 541 3494 eiusdem
558 3444 588 3495 et
602 3434 646 3495 rei
667 3436 855 3495 nummariae
876 3436 1132 3495 admiuistratoris
1153 3435 1295 3514 exemplo
1316 3433 1468 3493 defecisse

325 3536 514 3599 decemviros
537 3536 701 3597 Romanos.
748 3536 849 3615 Quam
872 3538 995 3617 quidem
1016 3558 1082 3599 rem
1105 3558 1172 3597 eum
1195 3546 1226 3595 et
1249 3557 1287 3597 ex
1308 3535 1387 3614 Iegis
1402 3533 1470 3593 XII

323 3640 446 3699 statutis
464 3638 502 3698 de
526 3648 718 3699 sacramento
739 3640 839 3720 dequo
863 3640 1040 3701 iniuriarum
1062 3640 1172 3719 poenis
1189 3638 1236 3716 (ΙΙ
1253 3642 1282 3696 1.
1297 3636 1379 3697 VIII
1394 3639 1423 3695 3.
1439 3637 1469 3696 4.

324 3742 396 3802 add.
415 3739 476 3819 10.)
501 3750 532 3801 et
554 3752 783 3822 extemporum
805 3743 925 3802 ratione
947 3742 1029 3803 inter
1050 3743 1153 3801 varias
1174 3742 1271 3817 leges,
1296 3737 1405 3816 quibus
1429 3735 1469 3793 de

324 3844 418 3903 multa
447 3844 583 3923 pecorali
606 3846 731 3925 eiusque
754 3846 786 3904 in
817 3845 1027 3923 pecuniariam
1054 3844 1223 3902 mutatione
1251 3848 1372 3899 cautum
1398 3857 1467 3898 esso

324 3946 469 4020 traditur,
493 3946 707 4009 intercedente
731 3947 780 4027 „ita
802 3947 857 4005 illc
880 3946 1095 4018 illustraverit,
1125 3945 1164 4004 de
1188 3963 1225 4004 ea
1247 3951 1282 4003 ut
1303 3940 1357 4001 vix
1380 3938 1468 4020 qaid·

325 4068 416 4130 qnam
438 4058 534 4109 restet
557 4048 772 4119 dubitationis,
800 4057 864 4107 tum
886 4048 1033 4107 disertam
1055 4046 1192 4106 eiusdem
1214 4043 1470 4125 significationem

324 4152 430 4212 nescio
466 4173 506 4211 un
539 4152 634 4213 Gaius
671 4150 895 4221 subministret,
933 4150 1007 4207 licet
1034 4148 1159 4209 diversa
1186 4147 1360 4210 confundat
1390 4144 1469 4205 Iust.

324 4253 340 4313 I
365 4254 424 4311 122
450 4252 527 4332 (Ine.
552 4254 588 4313 fr.
613 4252 645 4330 9)
670 4256 748 4311 ‘idco
772 4260 867 4311 aretem
890 4270 942 4310 aes
964 4260 991 4309 ct
1012 4256 1087 4310 libra
1110 4255 1278 4324 adhibetur,
1308 4255 1377 4326 quia
1405 4252 1469 4306 otim

325 4360 421 4415 urreis
437 4366 546 4415 tuntum
561 4362 681 4413 nummis
697 4358 859 4426 utebantur,
884 4365 911 4413 et
937 4364 1023 4414 erant
1045 4373 1140 4430 usses,
1163 4358 1314 4430 dupondii,
1338 4354 1472 4410 sendraas

295 4436 304 4447 ⁸
327 4468 353 4517 ct
376 4462 562 4533 quadrantes,
587 4476 641 4515 nec
664 4462 740 4515 rullus
763 4475 874 4515 urereus
891 4463 935 4515 uel
957 4467 1113 4534 erperaeur
1127 4476 1257 4517 nummus
1279 4459 1307 4513 ia
1323 4473 1378 4511 arn
1394 4458 1467 4522 erat,

326 4565 423 4623 sicut
450 4580 495 4619 eor
522 4566 600 4637 Ispa
622 4562 687 4617 XII
707 4564 918 4619 tabularum
939 4566 1157 4637 iutellcpere
1182 4555 1470 4633 possumus&-
