3409 5409
361 522 409 570 nn
431 522 483 571 ιιι
506 521 720 572 rssvmavu
742 522 920 586 asmqvus
942 522 1229 576 cossrmvsrmis.
1323 510 1364 577 73

307 674 416 762 Atque
432 676 493 761 hoc
508 677 550 743 ab
571 677 665 743 initio
685 677 883 743 monendum
903 687 1035 744 estnon
1055 678 1092 745 id
1111 702 1171 745 nos
1193 701 1307 766 agere,
1328 690 1365 747 ut

160 816 163 822 ·
220 785 384 843 vetustam
411 777 493 865 legis
520 778 658 845 formam
682 777 788 865 qualis
813 777 915 845 fuerit
942 802 963 845 a
984 782 1178 847 decemviris
1204 781 1364 869 profecta,

219 880 316 947 vonis
337 880 534 947 coniecturis
556 903 746 947 revocemus
768 920 809 931 -
829 904 935 968 neque
960 883 1045 949 enim
1065 883 1204 949 aliorum
1229 895 1365 970 peecata

219 990 369 1069 repetere
384 982 438 1047 vel
454 1004 572 1069 augore
587 986 681 1051 iuvat
698 1022 731 1033 -
751 1006 811 1049 nec
824 995 863 1050 ut
878 985 988 1050 omnia
1001 985 1087 1050 inter
1097 1008 1134 1051 se
1144 1008 1364 1073 exaequemus

219 1084 343 1151 similia
358 1082 509 1150 similiter
523 1084 713 1171 formand03
735 1086 791 1151 sed
807 1097 844 1153 ut
864 1087 947 1173 legis
963 1088 1065 1153 verba
1080 1086 1189 1175 qualis
1203 1110 1364 1173 gramma·

219 1187 278 1252 tici
294 1184 341 1251 illi
358 1196 392 1253 et
405 1188 601 1275 interpretes
617 1189 760 1277 antiqui,
781 1189 901 1275 quibus
917 1189 1073 1256 debemus
1095 1190 1298 1276 fragmenta,
1319 1190 1364 1255 le-

217 1288 344 1374 gerint,
359 1290 609 1357 constituamus
634 1290 723 1357 haud
749 1314 841 1357 secus
868 1302 965 1379 atque
990 1290 1167 1359 Homerica
1181 1292 1306 1357 ,studia
1328 1290 1365 1357 id

218 1413 306 1457 nunc
326 1391 468 1487 maxime
489 1402 673 1476 sectantur,
694 1403 731 1459 ut
752 1403 845 1461 vetus
867 1394 964 1482 quale
978 1392 1215 1461 Alexandrinis
1234 1414 1363 1481 compa·

217 1494 323 1559 ruerit
337 1493 517 1561 carminum
532 1495 699 1583 exemplar
713 1497 886 1583 retingant.
917 1497 992 1579 Qua
1011 1497 1045 1561 in
1059 1518 1096 1563 re
1116 1495 1239 1583 siquid
1253 1518 1274 1561 a
1288 1518 1363 1563 eon-

218 1596 320 1661 stanti
336 1618 398 1661 usu
414 1618 455 1661 ex
470 1597 729 1683 fragmentorum
744 1609 920 1687 conspectu
942 1600 1118 1667 observato
1139 1597 1363 1664 defensionem

217 1720 285 1765 non
300 1697 451 1780 habebit,
473 1698 510 1765 id
529 1710 655 1765 mutare
676 1700 729 1781 nel
750 1710 865 1769 contre
886 1702 1027 1768 fontium
1047 1701 1277 1767 auctoritatem
1296 1721 1363 1765 non

217 1799 461 1884 dubitabimus,
483 1824 524 1866 ne
544 1804 716 1891 scriptoris
737 1805 808 1870 sive
830 1804 933 1869 errori
954 1806 1026 1869 sive
1045 1802 1269 1889 neglegentiae
1288 1800 1362 1890 plus

216 1902 401 1969 tribuamus
416 1926 514 1990 quam
529 1906 579 1979 rei
592 1906 725 1971 veritati
741 1928 780 1971 ac
796 1906 1008 1993 simplicitati.
1045 1907 1091 1971 At
1106 1906 1193 1971 enim
1207 1907 1361 1973 continuo

99 2024 102 2029 “
217 2006 470 2073 discernendum
494 2017 558 2089 est,
579 2008 659 2095 quid
686 2008 750 2095 legi
772 2009 932 2075 debeatur
938 2056 948 2090 ,
971 2007 1051 2095 quid
1076 2008 1246 2095 scriptori:
1274 2008 1362 2095 quod

216 2131 294 2195 cum
320 2110 355 2173 in
379 2108 577 2196 quibusdam
603 2122 691 2178 certo
712 2112 847 2177 definire
868 2133 945 2176 sene
964 2109 1183 2197 periculosum
1206 2119 1272 2193 est,
1293 2120 1363 2175 tum

202 2210 377 2299 ‘confundi
391 2212 476 2277 iusto
491 2215 622 2300 saepius
638 2214 745 2281 video.
762 2214 849 2281 Nam
863 2214 937 2301 quis
951 2234 995 2279 ex
1009 2211 1080 2277 XII
1093 2210 1281 2277 tabularum
1296 2234 1363 2279 non

216 2324 289 2379 tam
308 2314 419 2381 verbis
441 2336 540 2401 quam
560 2317 725 2382 sententia
745 2338 766 2381 a
783 2315 888 2382 Paulo
908 2314 1033 2381 medita
1053 2312 1151 2400 (Coll.
1173 2313 1247 2379 1.11
1267 2314 1306 2397 5,
1325 2311 1362 2398 5)

217 2422 286 2497 ‘qui
303 2422 447 2483 iniurium
472 2424 564 2483 alteri
578 2422 673 2497 facit,
694 2425 823 2497 quinque
843 2430 873 2483 et
893 2424 1000 2498 unisti
1016 2423 1218 2482 sestertiorum
1230 2436 1362 2497 menum

215 2522 305 2583 suttt’
321 2518 402 2585 haee
416 2517 541 2585 efficiat
554 2541 627 2587 cum
634 2520 807 2585 Huscbkio
823 2527 890 2599 ‘qur’
901 2527 1044 2585 iniurium
1055 2522 1152 2600 faxit,
1167 2525 1259 2583 uuis
1270 2525 1361 2599 man-

217 2641 276 2700 quc
289 2632 318 2685 et
332 2628 438 2699 viciati
445 2642 546 2701 poena
560 2628 672 2703 sunto’,
694 2644 759 2689 non
780 2622 834 2687 ille
856 2624 1038 2704 verimrus,
1059 2643 1101 2686 ne
1121 2621 1191 2685 vim
1209 2618 1361 2687 intulisse

217 2722 322 2789 Paulo
337 2724 564 2792 insimuletur?
594 2727 703 2812 Atque
716 2724 878 2791 eiusmodi
894 2724 989 2811 plura
1003 2723 1120 2789 efferre
1133 2724 1269 2811 possim.

304 2827 392 2909 Iam,
407 2836 446 2892 ut
460 2827 503 2893 ad
524 2850 593 2893 rem
607 2830 714 2915 ipsam
734 2850 786 2893 me
807 2837 1014 2909 convertam,
1037 2826 1130 2892 rudis
1150 2826 1258 2892 adhuc
1278 2824 1360 2911 legis

217 2929 400 3017 antiquitas
421 2930 456 2993 in
480 2929 674 3016 fragmentis
697 2940 830 2997 servata
855 2930 1025 3018 inprimis
1051 2930 1130 2994 inde
1155 2928 1361 3011 aestimatur,

217 3031 306 3119 quod
327 3042 438 3099 certa
458 3054 657 3119 personae
677 3032 959 3118 significatio,
980 3031 1109 3097 etiamsi
1129 3032 1277 3099 subiecto
1293 3052 1361 3096 mu·
1449 3048 1455 3055 ·

217 3144 287 3201 tato
303 3135 474 3201 obscurior
495 3135 617 3201 evadat
632 3132 809 3219 sententia,
832 3120 1071 3201 constanter
1092 3134 1226 3203 omitti
1246 3130 1359 3197 solet.

217 3238 389 3321 Quaeres
415 3246 451 3301 ut
481 3258 523 3301 ex
549 3236 689 3325 simplici
716 3236 844 3305 illorum
872 3248 1055 3325 temporum
1080 3248 1114 3303 et
1138 3234 1303 3303 sentiendi
1330 3244 1362 3300 et
1411 3292 1416 3301 .

217 3340 371 3429 loquendi
386 3340 513 3405 ratione
528 3339 676 3426 profecta
691 3350 757 3423 est,
780 3341 828 3405 ite
847 3340 1022 3405 coniuncta
1043 3338 1107 3405 fuit
1125 3361 1200 3406 cum
1221 3336 1361 3403 admira·

217 3441 277 3509 bili
302 3439 358 3507 illo
384 3464 423 3507 ec
447 3464 526 3507 vere
552 3442 700 3507 Romano
726 3442 901 3507 brevitatis
929 3440 1055 3523 studio,
1087 3462 1150 3526 quo
1182 3438 1362 3505 decemviri

217 3542 355 3617 abiectis
381 3543 547 3626 omnibus,
574 3565 657 3629 quae
678 3544 753 3607 usui
772 3564 837 3608 non
862 3564 934 3607 esse
959 3542 1164 3623 viderentur,
1186 3540 1223 3607 id
1245 3562 1360 3624 uuum,

218 3646 307 3734 quod
321 3668 390 3711 rem
405 3667 618 3732 caussamque
639 3648 781 3711 maxime
802 3646 999 3727 contineret,
1022 3652 1264 3732 expresserunt.
1293 3642 1360 3707 Res

218 3756 269 3814 est
290 3756 493 3835 notansque
516 3746 630 3835 digne,
653 3770 737 3836 quae
757 3746 917 3834 exemplis
938 3745 1130 3833 singillatim
1150 3744 1359 3833 explanetur:

217 3873 302 3937 quae
316 3849 449 3937 quidem
464 3860 497 3917 et
510 3850 577 3917 late
592 3861 704 3937 pateat
718 3873 777 3939 per
787 3849 870 3915 haec
884 3849 1071 3935 fragmenta
1081 3860 1115 3915 et
1125 3848 1198 3914 eliis
1210 3856 1360 3914 veterum

217 3951 326 4038 legum
346 3952 542 4019 testimoniis
555 3952 581 4040 ¹)
603 3954 781 4041 conspicua
800 3974 840 4019 ac
860 3975 902 4018 ne
922 3974 943 4015 a
963 3951 1098 4019 Catonis
1121 3950 1254 4039 quidem
1281 3949 1360 4014 scri·

216 4055 317 4121 bendi
331 4076 450 4137 genere
465 4054 574 4122 aliena
588 4056 671 4139 sit.²)
691 4056 746 4123 Ab
757 4055 820 4123 hoc
831 4066 942 4121 autem
958 4077 1019 4119 usu
1034 4076 1119 4141 quse
1133 4052 1301 4135 recedunt,
1312 4051 1360 4117 eis

286 4328 308 4396 1)
327 4330 364 4384 cf.
383 4333 427 4383 lex
444 4329 478 4381 de
496 4330 687 4396 perduellione
705 4330 802 4381 Livius
819 4330 832 4380 1
850 4332 893 4395 ιθ,
911 4334 936 4380 o.
959 4331 1050 4397 Leges
1068 4330 1164 4393 regiae
1181 4343 1226 4393 ap.
1239 4327 1360 4377 Plinium
1441 4330 1447 4338 “

219 4414 280 4465 XIV
300 4418 341 4479 m,
360 4418 401 4468 88.
421 4418 535 4467 Festum
553 4432 580 4481 p.
600 4418 648 4467 178
665 4432 690 4469 v.
709 4416 854 4467 occisum

285 4500 309 4567 ²)
332 4502 367 4553 cf.
391 4501 424 4553 (le
443 4516 464 4553 r.
488 4518 510 4552 r.
533 4502 557 4551 ὅ.
583 4502 695 4551 ‘Vilicus
716 4502 741 4551 at
763 4504 829 4553 nolet
853 4503 917 4551 trrale
938 4502 1036 4565 scene,
1058 4515 1109 4551 aon
1129 4500 1225 4564 faciet’
1249 4498 1298 4563 (sc.
1317 4498 1359 4549 fa·

219 4584 306 4652 milia)
324 4586 361 4637 al.
