3409 5409
363 550 411 598 66
432 550 484 599 xu
508 549 721 598 rssvusuvu
744 548 922 612 usurovns
945 550 1191 600 commeneus.
1309 540 1350 607 57

193 714 300 795 paret
314 704 400 771 enim
415 726 481 770 non
496 704 528 771 in
544 705 615 792 ipso
637 716 771 792 sumptu
791 704 922 770 modum
945 714 979 771 et
993 726 1165 770 numerum
1180 706 1351 774 observari

193 804 312 876 sedin
327 806 411 893 legis
426 808 628 873 extenuendi
642 806 797 875 oonsilio:
820 816 857 872 ut
879 807 943 873 uia
957 806 1081 872 recinis
1100 818 1134 875 et
1149 809 1261 875 decem
1277 811 1351 875 tibi-

192 912 296 979 cines
310 909 383 995 lege
398 910 545 975 concessi
559 911 700 993 fuerint,
721 932 786 975 non
807 909 941 976 sublati.
972 910 1090 997 Itsque
1111 920 1144 976 et
1163 912 1212 975 rei
1233 920 1266 977 et
1280 935 1352 977 ver-

193 1015 323 1081 borum
342 1012 444 1077 nexui
465 1014 574 1100 aptius
598 1012 782 1079 consultum
802 1012 842 1076 iri
858 1021 938 1098 puto
954 1008 1146 1096 scribendo:
1168 1016 1354 1079 ‘Extcnuuto

195 1122 300 1195 scitur
314 1125 447 1197 sumptu,
463 1121 557 1181 tribio
571 1122 692 1182 recensis
706 1120 857 1181 relictis
871 1126 900 1180 et
919 1136 988 1181 uno
1002 1121 1110 1180 clauc
1120 1136 1281 1197 purpurae
1296 1117 1353 1202 (an

75 1274 95 1287 ..
188 1217 384 1301 purpureo?
398 1218 441 1283 ef.
458 1218 564 1305 Fest.)
578 1230 607 1284 et
621 1222 721 1285 decem
736 1226 768 1285 t’

135 1519 189 1601 Γ
295 1522 367 1589 Iam
388 1546 455 1590 non
475 1524 663 1609 miraberis,
681 1528 811 1613 opinor,
833 1548 917 1613 quse
938 1536 987 1591 est
1008 1535 1041 1590 et
1060 1526 1201 1592 lentium
1216 1527 1355 1614 penurie

197 1636 238 1695 et
254 1627 424 1707 hominum
440 1625 611 1695 doctorum
624 1629 689 1694 fuit
702 1629 736 1692 in
756 1627 950 1714 fragmentis
964 1626 1108 1715 undique
1123 1628 1354 1717 conquirendis

199 1728 379 1813 sedulitas,
400 1730 528 1816 copiam
553 1730 809 1799 imminuendam
834 1731 943 1818 potius
969 1730 1355 1818 quam.amplilicandsm

197 1834 322 1900 fuisse.
359 1832 567 1919 Quemquam
587 1856 653 1900 non
674 1832 771 1919 plene
792 1833 928 1916 desunt,
949 1856 1033 1919 quse
1054 1843 1129 1921 post
1148 1831 1355 1899 Dirksenum

200 1946 267 2003 sut
282 1933 421 1999 reddere
435 1945 493 2001 sut
508 1936 629 2002 addere
639 1935 768 2021 legibus
781 1936 926 2003 collectis
938 1935 1113 2021 contigerit
1125 1935 1196 2002 sive
1206 1934 1356 2023 neglecte

200 2040 250 2107 ab
267 2036 326 2104 illo
343 2038 414 2103 sive
428 2036 513 2103 mele
527 2037 695 2105 intellecta
709 2040 780 2105 sive
795 2061 899 2126 nuper
914 2038 1047 2103 demum
1060 2048 1201 2125 reperte.

295 2142 346 2205 Ac
360 2140 501 2227 primum
516 2141 756 2207 restituendum
772 2152 823 2209 est
843 2142 908 2228 legi
923 2151 1136 2228 praeceptum
1156 2142 1197 2207 ds
1218 2140 1355 2208 divor·

144 2254 150 2270 ‘
198 2247 262 2312 tio
283 2242 347 2329 (IV
358 2244 392 2330 3)
408 2251 530 2309 temere
544 2243 622 2309 inde
637 2242 1356 2329 6661666661)011666(Τ666.ΙΠ66661.21)

198 2356 236 2415 ct
251 2344 425 2413 Dirksene
440 2368 472 2432 p.
489 2344 552 2410 296
566 2347 609 2411 cf.
623 2345 699 2413 ¹225.
729 2346 843 2433 Neque
859 2348 946 2411 enim
969 2346 1148 2433 quidquam
1164 2338 1356 2432 suspitionis

198 2450 333 2517 hebent
347 2447 514 2513 Oiceronis
536 2448 640 2514 verbe
654 2447 798 2535 Philipp.
814 2448 848 2513 Il
864 2448 924 2531 28,
938 2448 982 2512 69
996 2451 1102 2513 ‘Illum
1116 2467 1202 2512 suom
1222 2468 1295 2512 suus
1308 2470 1358 2513 res

202 2557 264 2618 sibi
280 2554 392 2616 Moero
412 2557 514 2617 ursit:
535 2572 583 2615 cc
599 2554 678 2615 XII
696 2555 838 2615 tubulis
857 2557 983 2615 claves
1002 2554 1157 2624 ademit,
1178 2556 1278 2628 eoepit
1294 2550 1357 2635 (ite

202 2655 280 2721 sine
296 2652 396 2719 dubio
411 2663 499 2719 recte
520 2653 672 2719 distinxit
685 2652 849 2736 Halmius,
871 2673 976 2739 neque
996 2652 1178 2718 audiendus
1192 2652 1357 2718 Bernerus

203 2758 248 2823 de
265 2754 420 2821 divortiis
436 2778 487 2843 ap.
505 2755 600 2823 Rom.
616 2754 815 2823 Berol.1842
830 2755 912 2843 peu
924 2776 983 2841 sq,
999 2756 1056 2842 qui
1070 2752 1153 2820 adeo
1168 2776 1211 2820 ex
1223 2754 1357 2821 diverse

203 2859 472 2945 interpunctione
496 2860 713 2947 nescioquas
737 2857 819 2943 legis
841 2858 884 2923 de
905 2855 981 2922 dote
1007 2857 1211 2922 restituenda
1231 2866 1358 2924 statute

204 2962 426 3049 expiscetur),
443 2984 527 3049 quse
541 2984 606 3029 non
621 2972 671 3027 est
686 2982 744 3027 cur
760 2959 803 3025 ed
818 2960 1006 3025 institutum
1022 2958 1292 3047 interpretatione
1313 2958 1356 3024 le-

204 3064 257 3151 gis
274 3071 383 3129 ertum
399 3072 547 3151 spectare
562 3063 719 3130 dicamus.
748 3064 836 3145 Quin
852 3063 953 3128 etiem
968 3061 1073 3127 Gaius
1094 3062 1129 3124 in
1144 3059 1229 3127 libro
1244 3058 1298 3125 HI
1313 3060 1357 3126 ed

204 3166 317 3252 legem
331 3164 402 3231 XII
417 3166 510 3233 tebb.
527 3166 583 3254 (D.
599 3167 650 3248 48,
666 3168 696 3248 6,
711 3166 768 3251 43)
786 3171 825 3231 ‘cr'
837 3187 878 3230 ex
892 3172 971 3244 leue
985 3169 1144 3244 repudium
1159 3170 1278 3228 missum
1293 3183 1353 3226 nou

204 3272 262 3333 εἰτ’
279 3315 288 3333 .
307 3316 315 3332 .
332 3316 339 3331 .
358 3315 365 3333 .
387 3268 450 3334 etsi
470 3268 577 3354 legem
597 3268 716 3335 Iuliam
736 3268 846 3356 potius
868 3266 1054 3354 significare
1074 3265 1223 3349 videtur,
1245 3274 1357 3331 tamen

205 3370 285 3459 ipsa
304 3370 475 3457 inscriptio
498 3370 594 3437 dccet
615 3371 650 3435 in
669 3369 741 3455 lege
757 3368 828 3433 XII
849 3370 890 3434 de
912 3368 1056 3435 divortio
1077 3367 1202 3455 aliquid
1222 3375 1354 3432 cautum

206 3472 323 3539 fuisse.
340 3472 547 3559 Quamquam
561 3473 596 3538 id
611 3474 703 3537 euius
719 3472 849 3556 generis
864 3471 977 3552 fuerit,
993 3490 1053 3534 nec
1067 3490 1177 3534 meum
1191 3477 1243 3533 est
1257 3490 1354 3556 quse·

206 3594 283 3641 rere
298 3582 331 3637 et
346 3574 532 3661 quaerendo
548 3572 791 3639 difficillimum.
819 3571 863 3637 cf.
879 3570 1093 3637 Waeohterus
1109 3572 1143 3635 in
1158 3571 1243 3637 libro
1259 3570 1356 3636 ‘Ueb.

208 3672 507 3763 Ehescheidungen
526 3677 581 3743 bei
596 3676 659 3742 den
675 3676 835 3741 Riimern'
850 3696 882 3761 p.
899 3674 941 3740 68
956 3696 988 3741 6.
1011 3673 1170 3739 Klenzius
1186 3674 1222 3737 in
1236 3672 1356 3737 Annul.

207 3780 272 3845 iur.
290 3778 405 3844 scient.
420 3778 535 3845 histor.
552 3778 621 3844 VII
635 3801 667 3866 p.
684 3778 726 3844 36
742 3786 810 3843 not.
840 3776 1006 3842 Bernerus
1021 3776 1044 3841 l.
1058 3798 1086 3841 o.
1102 3799 1134 3865 p.
1149 3776 1192 3841 33
1207 3796 1279 3863 sqq.

295 3880 529 3968 Fragmentum
544 3882 632 3947 VIII
646 3881 689 3947 24
704 3887 743 3947 ‘si
756 3886 844 3945 tetum
859 3900 951 3945 mone
962 3883 1047 3959 sopit
1059 3886 1156 3958 meeis
1170 3898 1262 3958 quam
1276 3882 1356 3944 iecit’

209 3984 340 4073 pridem
359 3994 474 4051 notum
494 4008 536 4051 ex
552 3984 720 4051 Ciceronis
737 3985 821 4071 Tcp.
839 3984 895 4066 17,
911 3982 954 4048 64
974 3992 1007 4048 et
1026 3982 1067 4048 de
1087 4004 1134 4048 or.
1149 3979 1205 4047 III
1218 3980 1276 4064 39,
1294 3979 1356 4045 158

211 4108 286 4153 sum
306 4096 389 4173 post¹
404 4087 530 4153 06166ἰί
550 4088 771 4155 dubitationes
788 4086 901 4173 (Obss.
920 4085 975 4168 19,
1001 4085 1056 4170 10)
1077 4081 1303 4150 Gothofredns
1325 4090 1359 4147 et

210 4186 398 4255 Dirksenus
414 4190 592 4255 abiecerint
607 4190 664 4279 (D.
677 4214 710 4277 p.
721 4190 813 4273 616):
830 4211 936 4276 nuper
951 4188 1082 4252 demum
1098 4187 1220 4252 diserto
1236 4184 1357 4251 oratio·

212 4290 263 4355 nis
277 4312 311 4379 p.
329 4290 439 4358 Tullio
453 4292 641 4357 testimonio
658 4293 725 4379 (21,
740 4291 797 4375 51)
813 4299 1018 4378 compertum
1033 4297 1084 4354 est
1097 4309 1213 4374 rcepse
1228 4284 1358 4371 exlege

214 4414 295 4458 esse.
309 4392 406 4460 Unde
420 4395 486 4461 iem
501 4404 757 4460 consentaneum
772 4404 823 4460 est
838 4390 989 4459 concludi
1001 4392 1099 4456 etiam
1107 4390 1197 4455 neeis
1209 4386 1356 4456 consulto

214 4496 404 4563 commissae
419 4518 558 4585 poenam
577 4496 651 4583 lege
667 4504 816 4562 sanctem
837 4518 917 4561 esse.
949 4493 1024 4576 Quo
1047 4514 1122 4558 cum
1141 4488 1232 4558 velet
1245 4490 1356 4558 brevis

216 4596 302 4686 opud
316 4598 459 4668 Plinium
473 4601 594 4670 mentio
609 4598 734 4669 XVIII
745 4598 776 4682 3,
791 4598 831 4664 12
847 4602 993 4677 ‘Frupem
1007 4600 1126 4677 quidem
1140 4604 1246 4661 aratro
1260 4614 1357 4675 quoe-
