3409 5409
302 551 349 599 Du
372 509 567 599 VETERIBVS
589 547 641 597 Xll
664 547 878 597 TABVLARVM
901 546 1190 597 INTERPRETIBVS.
1275 529 1319 595 35

168 719 268 795 atque
284 705 491 791 grammatici
507 704 619 771 officia
633 704 667 767 in
683 702 773 769 nullu
787 726 823 768 re
834 704 943 790 aptius
954 725 1052 791 quam
1063 704 1098 767 in
1109 700 1318 767 enarratione

168 810 325 898 antiquae
340 810 422 895 legis
439 808 585 874 exerceri
600 806 757 894 potuisse.

254 912 406 999 Denique
430 913 517 977 inter
543 908 688 975 eiusdem
715 910 832 975 aetatis
859 908 1033 995 scriptores
1055 907 1102 973 M.
1121 904 1320 972 Messalla

169 1036 300 1102 quoque
321 1035 427 1100 augur
449 1010 531 1097 (cos.
547 1011 669 1077 10001
690 1010 733 1076 cf.
750 1010 900 1076 Maerob.
915 1010 984 1076 Sat.
1002 1011 1019 1075 Ι
1034 1010 1071 1091 9,
1095 1009 1166 1094 14),
1187 1031 1206 1073 e
1226 1010 1320 1073 cuius

169 1116 213 1181 de
235 1116 391 1201 auspiciis
414 1114 509 1181 libris
531 1113 693 1202 quaedam
714 1112 841 1179 Gellius
863 1114 1039 1199 exscripsit
1060 1111 1150 1177 XIII
1173 1110 1320 1191 14—16,

169 1218 329 1305 cuiusque
343 1226 436 1282 extat
456 1238 497 1281 ex
511 1214 724 1303 mythologioi
745 1217 930 1301 argumenti
951 1214 1074 1303 scripto
1087 1214 1113 1301 ¹)
1135 1212 1260 1277 dictum
1280 1210 1321 1275 de
1375 1266 1386 1283 ,

171 1318 245 1383 Iani
264 1318 300 1383 vi
320 1340 359 1383 ac
378 1328 497 1383 natura
513 1340 564 1404 ap.
578 1316 728 1385 Macrob.
746 1318 768 1383 l.
789 1340 816 1381 c.
836 1318 894 1404 (cf.
912 1318 1013 1383 etiam
1028 1316 1128 1382 Laur.
1146 1313 1262 1401 Lydus
1281 1313 1321 1378 de

171 1442 276 1487 mens.
287 1419 337 1484 IV
350 1422 382 1505 1)
398 1456 441 1467 -
455 1418 528 1485 XII
540 1420 775 1506 interpretatus
791 1442 863 1484 esse
879 1420 1025 1486 creditur
1040 1417 1197 1484 adhibitis
1212 1415 1320 1481 tribus

171 1522 265 1587 Fessi
280 1520 358 1587 locis
374 1521 421 1586 itu
435 1521 536 1607 vulgo
552 1520 726 1608 suppletis:

258 1645 290 1711 p.
305 1624 369 1690 253
386 1646 418 1688 v.
439 1620 597 1703 (pecunia)
612 1674 618 1687 .
634 1672 640 1687 .
655 1672 682 1686 ..
704 1628 804 1701 (Idem
820 1633 933 1705 tamen)
948 1630 979 1687 in
999 1628 1101 1688 eodem
1116 1629 1192 1688 libra
1203 1670 1319 1687 ......

173 1734 281 1804 (lucar
295 1748 315 1789 a
329 1733 409 1806 laec)
420 1722 447 1809 2)
463 1730 526 1789 diei
537 1730 688 1791 existimat
703 1731 804 1802 (euius
816 1731 963 1806 opinionis
981 1736 1026 1791 esi
1037 1738 1066 1789 et
1089 1730 1227 1790 Valerius
1241 1724 1320 1801 Mes)

172 1835 252 1893 salla
266 1834 296 1892 in
311 1832 628 1907 explanationem
639 1832 729 1907 ina).

258 1954 291 2017 p.
312 1928 374 1996 321
397 1954 429 1995 v.
453 1936 587 2006 (sanates
603 1979 610 1993 .
628 1979 636 1995 .
654 1978 685 1993 ..
721 1934 767 1996 Ne
795 1936 932 1999 Valeriis
953 1934 1086 2010 (quidem
1107 1934 1267 2009 Messalla)
1290 1935 1322 1993 in

173 2037 244 2097 XII
254 2036 484 2113 explanatione
498 2053 562 2096 reru
576 2037 735 2113 expedivit.
773 2038 822 2098 liic
845 2042 958 2114 ia)men
978 2040 1010 2096 in
1029 2053 1064 2097 eo
1078 2037 1154 2097 idua
1167 2038 1269 2113 pu(em
1284 2036 1322 2094 ile

173 2140 260 2199 dictis
280 2132 576 2217 in)uoluie'inscrilit
595 2138 727 2213 formias
752 2142 939 2215 sanatisque)
960 2141 1038 2200 duas
1054 2147 1157 2215 pentes
1178 2141 1322 2212 finiiirnas

175 2242 284 2315 (fuisse
309 2248 422 2313 censet,
455 2242 622 2316 dequibus
647 2244 754 2318 le)pem
785 2243 864 2302 hane
888 2243 1050 2318 scripura
1074 2259 1137 2303 esse
1159 2259 1219 2317 pau
1244 2258 1321 2301 caii-

174 2350 263 2421 !a)rn,
282 2351 315 2405 al
329 2343 363 2403 id
376 2346 422 2403 ins
436 2344 597 2418 man(eipii
610 2347 738 2419 nexique
749 2341 776 2425 ³)
793 2344 874 2420 quod
882 2347 1027 2421 populus)
1043 2344 1081 2405 Il.
1097 2345 1251 2405 iuueni.

259 2464 292 2529 p.
303 2442 367 2507 355
378 2466 410 2506 v.
432 2442 580 2522 repausa
597 2490 603 2505 .
620 2491 627 2506 .
646 2492 652 2505 .
669 2448 860 2521 praenomine
875 2446 1033 2518 (Messalla
1048 2447 1323 2523 ineuplanaflione

175 2548 247 2610 XII
259 2552 302 2611 aii
317 2551 404 2609 etiam
422 2549 436 2621 (
435 2592 617 2608 ........
633 2550 823 2625 sipnipluuri.

260 2648 330 2713 Iam
345 2646 432 2713 hunc
446 2646 597 2713 ultimum
619 2644 728 2712 locum
742 2644 869 2711 nullam
889 2647 1020 2714 omniuo
1034 2648 1102 2713 vim
1121 2649 1244 2716 habere
1265 2670 1321 2736 pa-

176 2759 233 2817 tet.
249 2748 316 2814 Sed
330 2749 365 2814 in
379 2747 444 2813 illis
461 2770 590 2836 quoque
605 2748 733 2815 duobus
748 2746 782 2813 id
797 2750 906 2836 ipsum
921 2751 1099 2837 requiritur
1113 2774 1176 2839 quo
1192 2750 1236 2816 ad
1249 2775 1321 2839 per·

176 2852 379 2917 suadendum
400 2850 543 2915 maxime
563 2873 645 2938 opus
669 2850 722 2917 sit.
754 2853 925 2940 inpriore
946 2855 1033 2918 euim
1047 2852 1143 2936 libri,
1164 2855 1198 2918 in
1218 2853 1321 2920 altero

176 2954 316 3021 auctoris
339 2974 456 3019 nomen
478 2954 637 3019 incertum
661 2963 721 3019 est.
752 2956 862 3043 Atque
881 2956 992 3042 priore
1008 2960 1089 3021 ‘XII
1106 2961 1179 3021 lab!
1200 2957 1323 3021 iniuria

176 3056 320 3143 suppleri
335 3078 388 3121 res
403 3057 477 3143 ipsa
491 3077 574 3143 quae
590 3056 773 3142 explicatur
792 3057 910 3123 docere
931 3068 1062 3145 poterat
1082 3080 1102 3122 a
1121 3057 1203 3145 legis
1225 3080 1321 3144 argu·

175 3169 285 3224 mento
300 3159 529 3232 remotissima.
561 3157 664 3224 Immo
679 3196 722 3209 -
737 3159 824 3245 quod
839 3182 900 3247 per
918 3161 1060 3247 spatium
1080 3182 1146 3225 non
1161 3161 1269 3225 minus
1284 3158 1321 3223 li-

177 3270 228 3325 cet
241 3294 285 3310 —1
299 3266 342 3324 ‘in
364 3268 577 3341 explanatione
597 3266 862 3339 acauriornm'
882 3262 1121 3329 restituendum
1136 3262 1200 3327 luit
1214 3284 1321 3327 exem—

177 3362 231 3449 plo
246 3362 309 3427 loci
324 3384 356 3449 p.
376 3362 435 3427 161
457 3367 643 3443 ‘Marspedis
662 3370 721 3427 siue
741 3368 806 3428 sine
825 3386 843 3427 r
863 3370 963 3428 littera
979 3369 1134 3445 Maspedis
1154 3372 1186 3429 in
1203 3386 1321 3445 preca—

179 3472 255 3529 tione
268 3470 476 3529 solitaurilium
492 3470 734 3544 autumpnatem,
750 3487 788 3530 ne
803 3468 937 3530 Messala
951 3472 1070 3544 quidem
1089 3488 1190 3545 aapar
1204 3473 1236 3531 in
1250 3488 1319 3530 en·-
1433 3528 1437 3534 .

172 3573 403 3647 planatione
425 3574 672 3645 cupariorum
699 3574 836 3647 reperire
861 3589 893 3632 se
913 3574 1044 3648 potuisse
1069 3572 1134 3633 ait'
1170 3566 1232 3632 Cui
1257 3589 1322 3631 non

179 3671 250 3735 leve
265 3667 500 3733 adminiculum
515 3667 641 3734 accedit
655 3668 840 3754 glossarum
855 3669 989 3734 vicinis:
1012 3691 1087 3734 nam
1108 3670 1203 3735 brevi
1223 3669 1321 3735 intor-

95 3806 98 3813 ·
177 3770 264 3836 vallo
294 3769 360 3834 alia
389 3782 568 3858 sequuntur
596 3771 636 3836 de
669 3772 739 3837 iure
768 3792 931 3857 augurum
959 3771 1010 3858 (v.
1038 3778 1217 3853 perepriuas
1247 3793 1322 3851 aper

177 3871 319 3961 Muell.);
342 3895 402 3937 nec
422 3874 526 3959 magis
543 3873 659 3940 dubito
675 3874 763 3961 quod
781 3874 831 3939 his
845 3874 996 3962 proxime
1015 3874 1180 3942 antecedit
1194 3876 1323 3956 ‘purime

178 3982 300 4041 atinae
315 3980 425 4040 alienum
439 3988 483 4041 est
493 3996 552 4058 pro
566 3984 727 4058 purissime
747 3988 885 4043 tenuero’
909 3976 966 4061 (cf.
981 3976 1118 4065 Paulus)
1139 3977 1245 4043 eidem
1265 3975 1321 4041 ad-

244 4184 265 4248 ¹)
284 4184 337 4235 Vix
356 4183 429 4234 cuim
447 4182 473 4233 h.
493 4183 511 4234 l.
530 4184 564 4234 de
583 4184 687 4235 eisdem
706 4186 892 4251 auspiciorum
914 4186 994 4237 libris
1017 4185 1143 4252 cogitare
1160 4184 1242 4235 licet:
1266 4198 1322 4247 quo

179 4266 211 4320 cle
229 4284 258 4320 re
276 4269 388 4319 dubitat
404 4268 556 4319 Merkelius
574 4270 610 4319 ad
628 4269 709 4321 Ovid.
728 4272 806 4321 Fust.
825 4288 851 4337 p.
871 4270 996 4323 xcvm.

244 4354 266 4421 ²)
285 4357 368 4405 ‘ieeur
386 4370 431 4404 nes
449 4357 517 4419 quod
534 4370 570 4405 eu
587 4357 650 4405 lucis
667 4358 797 4420 capionir'
815 4356 906 4421 suppl.
919 4355 1080 4406 Huschkius
1098 4356 1152 4404 Iur.
1172 4358 1228 4406 ant.
1248 4368 1274 4418 p.
1287 4354 1321 4403 38

179 4445 290 4491 secutus
313 4439 430 4491 Paulum
448 4441 515 4489 uxo.
539 4455 565 4503 p.
586 4441 643 4492 119.
680 4440 716 4494 cf.
737 4439 826 4492 Glose.
844 4440 909 4492 Vat.
927 4440 966 4490 VI
983 4442 1033 4490 532
1052 4440 1090 4493 M.
1118 4438 1214 4490 Thom.
1238 4437 1322 4489 Thes·

80 4586 81 4591 Ἰ
179 4539 240 4576 nov.
259 4524 308 4576 lat.
327 4542 352 4591 p.
371 4524 552 4578 scusisti.
570 4523 660 4575 Gloss.
681 4524 770 4575 Paris.
790 4542 816 4593 p.
837 4526 885 4575 198
902 4523 977 4575 Hild.

245 4609 267 4677 ³)
286 4611 427 4679 supplerit
445 4610 620 4663 Huschkius:
639 4615 722 4663 antea
742 4607 922 4676 ‘runn(ifeeio)’
941 4611 1003 4664 fuit.

1072 4695 1119 4763 3*
