<?xml version="1.0" encoding="UTF-8"?>
<!DOCTYPE html PUBLIC "-//W3C//DTD XHTML 1.0 Transitional//EN"
    "http://www.w3.org/TR/xhtml1/DTD/xhtml1-transitional.dtd">
<html xmlns="http://www.w3.org/1999/xhtml" xml:lang="en" lang="en">
 <head>
  <title>
</title>
<meta http-equiv="Content-Type" content="text/html;charset=utf-8" />
  <meta name='ocr-system' content='tesseract 3.04.00' />
  <meta name='ocr-capabilities' content='ocr_page ocr_carea ocr_par ocr_line ocrx_word'/>
</head>
<body>
  <div class='ocr_page' id='page_1' title='image "./legisdvodecimta01schgoog_0029.png"; bbox 0 0 3409 5409; ppageno 0'>
   <div class='ocr_carea' id='block_1_1' title="bbox 344 525 1052 589">
    <p class='ocr_par' dir='ltr' id='par_1_1' title="bbox 344 525 1052 589">
     <span class='ocr_line' id='line_1_1' title="bbox 344 525 1052 589; baseline -0.004 0"><span class='ocrx_word' id='word_1_1' title='bbox 344 525 384 589; x_wconf 77' lang='lat'><strong>12</strong></span> <span class='ocrx_word' id='word_1_2' title='bbox 770 538 884 587; x_wconf 77' lang='lat' dir='ltr'><strong>carvr</strong></span> <span class='ocrx_word' id='word_1_3' title='bbox 904 526 1052 587; x_wconf 65' lang='lat' dir='ltr'><strong>rrrnvuss</strong></span> 
     </span>
    </p>
   </div>
   <div class='ocr_carea' id='block_1_2' title="bbox 342 690 1616 884">
    <p class='ocr_par' dir='ltr' id='par_1_2' title="bbox 342 690 1616 884">
     <span class='ocr_line' id='line_1_2' title="bbox 342 690 1616 781; baseline 0 -21"><span class='ocrx_word' id='word_1_4' title='bbox 342 694 541 762; x_wconf 86' lang='lat' dir='ltr'><strong>incunabula</strong></span> <span class='ocrx_word' id='word_1_5' title='bbox 565 694 646 759; x_wconf 87' lang='lat' dir='ltr'><strong>iuris</strong></span> <span class='ocrx_word' id='word_1_6' title='bbox 670 693 752 759; x_wconf 87' lang='lat' dir='ltr'>nihil</span> <span class='ocrx_word' id='word_1_7' title='bbox 782 694 1007 760; x_wconf 82' lang='lat' dir='ltr'><strong>morabantur.</strong></span> <span class='ocrx_word' id='word_1_8' title='bbox 1050 690 1148 758; x_wconf 90' lang='lat' dir='ltr'><strong>Unde</strong></span> <span class='ocrx_word' id='word_1_9' title='bbox 1176 691 1277 758; x_wconf 78' lang='lat' dir='ltr'><strong>lctus</strong></span> <span class='ocrx_word' id='word_1_10' title='bbox 1296 694 1388 781; x_wconf 87' lang='lat' dir='ltr'><strong>apud</strong></span> <span class='ocrx_word' id='word_1_11' title='bbox 1409 692 1504 760; x_wconf 82' lang='lat' dir='ltr'><strong>Gel-</strong></span> <span class='ocrx_word' id='word_1_12' title='bbox 1615 759 1616 778; x_wconf 23' lang='lat' dir='ltr'><strong>p</strong></span> 
     </span>
     <span class='ocr_line' id='line_1_3' title="bbox 342 796 1616 884; baseline 0.001 -23"><span class='ocrx_word' id='word_1_13' title='bbox 342 796 422 863; x_wconf 89' lang='lat' dir='ltr'><strong>lium</strong></span> <span class='ocrx_word' id='word_1_14' title='bbox 437 796 524 863; x_wconf 89' lang='lat' dir='ltr'><strong>XVI</strong></span> <span class='ocrx_word' id='word_1_15' title='bbox 540 798 589 880; x_wconf 87' lang='lat'><strong>10,</strong></span> <span class='ocrx_word' id='word_1_16' title='bbox 605 798 624 862; x_wconf 75' lang='lat'><strong>7</strong></span> <span class='ocrx_word' id='word_1_17' title='bbox 646 797 687 863; x_wconf 90' lang='lat' dir='ltr'><strong>de</strong></span> <span class='ocrx_word' id='word_1_18' title='bbox 702 818 782 863; x_wconf 90' lang='lat' dir='ltr'><strong>voce</strong></span> <span class='ocrx_word' id='word_1_19' title='bbox 798 800 1004 876; x_wconf 68' lang='lat' dir='ltr'><strong>‘proletarius&#39;</strong></span> <span class='ocrx_word' id='word_1_20' title='bbox 1019 804 1154 879; x_wconf 86' lang='lat' dir='ltr'><strong>rogatus</strong></span> <span class='ocrx_word' id='word_1_21' title='bbox 1168 801 1237 873; x_wconf 69' lang='lat' dir='ltr'><strong>‘eqo</strong></span> <span class='ocrx_word' id='word_1_22' title='bbox 1251 803 1342 869; x_wconf 84' lang='lat' dir='ltr'><strong>vero&#39;,</strong></span> <span class='ocrx_word' id='word_1_23' title='bbox 1365 797 1503 884; x_wconf 88' lang='lat' dir='ltr'><strong>inquit,</strong></span> <span class='ocrx_word' id='word_1_24' title='bbox 1615 809 1616 842; x_wconf 38' lang='grc' dir='ltr'><strong>ὲ</strong></span> 
     </span>
    </p>
   </div>
   <div class='ocr_carea' id='block_1_3' title="bbox 341 901 1558 1195">
    <p class='ocr_par' dir='ltr' id='par_1_3' title="bbox 341 901 1558 1195">
     <span class='ocr_line' id='line_1_4' title="bbox 342 901 1503 980; baseline 0 -17"><span class='ocrx_word' id='word_1_25' title='bbox 342 906 455 965; x_wconf 71' lang='lat' dir='ltr'><strong>‘dicere</strong></span> <span class='ocrx_word' id='word_1_26' title='bbox 469 914 557 979; x_wconf 78' lang='lat' dir='ltr'><strong>atque</strong></span> <span class='ocrx_word' id='word_1_27' title='bbox 571 906 768 980; x_wconf 58' lang='lat' dir='ltr'><strong>intepretari</strong></span> <span class='ocrx_word' id='word_1_28' title='bbox 780 904 837 965; x_wconf 79' lang='lat' dir='ltr'><strong>hoc</strong></span> <span class='ocrx_word' id='word_1_29' title='bbox 850 902 1043 974; x_wconf 50' lang='lat' dir='ltr'><strong>coneum·</strong></span> <span class='ocrx_word' id='word_1_30' title='bbox 1054 903 1102 962; x_wconf 82' lang='lat' dir='ltr'><strong>ius</strong></span> <span class='ocrx_word' id='word_1_31' title='bbox 1115 901 1291 963; x_wconf 74' lang='lat' dir='ltr'><strong>Faunorum</strong></span> <span class='ocrx_word' id='word_1_32' title='bbox 1305 912 1335 963; x_wconf 83' lang='lat' dir='ltr'><strong>et</strong></span> <span class='ocrx_word' id='word_1_33' title='bbox 1350 904 1503 979; x_wconf 68' lang='lat' dir='ltr'><strong>Aboriqi·</strong></span> 
     </span>
     <span class='ocr_line' id='line_1_5' title="bbox 341 1000 1558 1091; baseline 0 -24"><span class='ocrx_word' id='word_1_34' title='bbox 341 1024 412 1068; x_wconf 85' lang='lat' dir='ltr'><strong>num</strong></span> <span class='ocrx_word' id='word_1_35' title='bbox 427 1003 647 1091; x_wconf 47' lang='lat' dir='ltr'><strong>adiuuent)</strong></span> <span class='ocrx_word' id='word_1_36' title='bbox 677 1004 788 1088; x_wconf 80' lang='lat' dir='ltr'><strong>Atque</strong></span> <span class='ocrx_word' id='word_1_37' title='bbox 802 1023 867 1089; x_wconf 90' lang='lat' dir='ltr'><strong>quo</strong></span> <span class='ocrx_word' id='word_1_38' title='bbox 881 1001 1025 1067; x_wconf 78' lang='lat' dir='ltr'><strong>evaserit</strong></span> <span class='ocrx_word' id='word_1_39' title='bbox 1038 1000 1102 1067; x_wconf 87' lang='lat' dir='ltr'><strong>iste</strong></span> <span class='ocrx_word' id='word_1_40' title='bbox 1116 1009 1333 1089; x_wconf 86' lang='lat' dir='ltr'><strong>contemptus,</strong></span> <span class='ocrx_word' id='word_1_41' title='bbox 1350 1002 1432 1067; x_wconf 88' lang='lat' dir='ltr'><strong>satis</strong></span> <span class='ocrx_word' id='word_1_42' title='bbox 1452 1022 1504 1067; x_wconf 81' lang='lat' dir='ltr'><strong>ea</strong></span> <span class='ocrx_word' id='word_1_43' title='bbox 1554 1004 1558 1007; x_wconf 74' lang='grc'><strong>’</strong></span> 
     </span>
     <span class='ocr_line' id='line_1_6' title="bbox 341 1102 1504 1195; baseline 0 -26"><span class='ocrx_word' id='word_1_44' title='bbox 341 1105 493 1195; x_wconf 86' lang='lat' dir='ltr'><strong>indicant</strong></span> <span class='ocrx_word' id='word_1_45' title='bbox 503 1126 586 1190; x_wconf 83' lang='lat' dir='ltr'><strong>quae</strong></span> <span class='ocrx_word' id='word_1_46' title='bbox 602 1126 644 1169; x_wconf 88' lang='lat' dir='ltr'><strong>ex</strong></span> <span class='ocrx_word' id='word_1_47' title='bbox 658 1102 833 1191; x_wconf 91' lang='lat' dir='ltr'><strong>Pomponii</strong></span> <span class='ocrx_word' id='word_1_48' title='bbox 842 1141 887 1154; x_wconf 89' lang='lat'>—</span> <span class='ocrx_word' id='word_1_49' title='bbox 896 1103 958 1190; x_wconf 91' lang='lat' dir='ltr'><strong>qui·</strong></span> <span class='ocrx_word' id='word_1_50' title='bbox 967 1103 1054 1169; x_wconf 88' lang='lat' dir='ltr'><strong>vixit</strong></span> <span class='ocrx_word' id='word_1_51' title='bbox 1067 1103 1311 1170; x_wconf 81' lang='lat' dir='ltr'><strong>Antoninorum</strong></span> <span class='ocrx_word' id='word_1_52' title='bbox 1326 1112 1434 1169; x_wconf 84' lang='lat' dir='ltr'><strong>aetate</strong></span> <span class='ocrx_word' id='word_1_53' title='bbox 1447 1141 1504 1153; x_wconf 90' lang='lat'><strong>—</strong></span> 
     </span>
    </p>
   </div>
   <div class='ocr_carea' id='block_1_4' title="bbox 227 1202 1499 1293">
    <p class='ocr_par' dir='ltr' id='par_1_4' title="bbox 227 1202 1499 1293">
     <span class='ocr_line' id='line_1_7' title="bbox 227 1202 1499 1293; baseline 0.001 -21"><span class='ocrx_word' id='word_1_54' title='bbox 227 1284 232 1289; x_wconf 25' lang='grc' dir='ltr'>Ι</span> <span class='ocrx_word' id='word_1_55' title='bbox 342 1205 525 1272; x_wconf 86' lang='lat' dir='ltr'><strong>enchiridio</strong></span> <span class='ocrx_word' id='word_1_56' title='bbox 558 1202 599 1271; x_wconf 82' lang='lat' dir='ltr'><strong>de</strong></span> <span class='ocrx_word' id='word_1_57' title='bbox 630 1206 759 1291; x_wconf 81' lang='lat' dir='ltr'>origine</span> <span class='ocrx_word' id='word_1_58' title='bbox 788 1205 870 1269; x_wconf 86' lang='lat' dir='ltr'><strong>iuris</strong></span> <span class='ocrx_word' id='word_1_59' title='bbox 901 1205 1053 1292; x_wconf 81' lang='lat' dir='ltr'><strong>exposita</strong></span> <span class='ocrx_word' id='word_1_60' title='bbox 1077 1206 1113 1271; x_wconf 89' lang='lat' dir='ltr'><strong>in</strong></span> <span class='ocrx_word' id='word_1_61' title='bbox 1144 1204 1292 1292; x_wconf 83' lang='lat' dir='ltr'><strong>Digestis</strong></span> <span class='ocrx_word' id='word_1_62' title='bbox 1321 1206 1499 1293; x_wconf 86' lang='lat' dir='ltr'><strong>leguntur,</strong></span> 
     </span>
    </p>
   </div>
   <div class='ocr_carea' id='block_1_5' title="bbox 305 1306 1550 4055">
    <p class='ocr_par' dir='ltr' id='par_1_5' title="bbox 305 1306 1550 4055">
     <span class='ocr_line' id='line_1_8' title="bbox 342 1306 1500 1397; baseline 0.002 -24"><span class='ocrx_word' id='word_1_63' title='bbox 342 1308 440 1397; x_wconf 91' lang='lat' dir='ltr'><strong>plena</strong></span> <span class='ocrx_word' id='word_1_64' title='bbox 460 1306 518 1373; x_wconf 88' lang='lat' dir='ltr'><strong>illa</strong></span> <span class='ocrx_word' id='word_1_65' title='bbox 536 1308 695 1375; x_wconf 87' lang='lat' dir='ltr'><strong>vitiorum</strong></span> <span class='ocrx_word' id='word_1_66' title='bbox 715 1318 748 1374; x_wconf 90' lang='lat' dir='ltr'><strong>et</strong></span> <span class='ocrx_word' id='word_1_67' title='bbox 763 1306 1063 1397; x_wconf 55' lang='lat' dir='ltr'><strong>perturbationisff)</strong></span> <span class='ocrx_word' id='word_1_68' title='bbox 1092 1306 1180 1373; x_wconf 90' lang='lat' dir='ltr'><strong>Hinc</strong></span> <span class='ocrx_word' id='word_1_69' title='bbox 1200 1318 1309 1374; x_wconf 89' lang='lat' dir='ltr'><strong>autem</strong></span> <span class='ocrx_word' id='word_1_70' title='bbox 1330 1330 1500 1395; x_wconf 88' lang='lat' dir='ltr'><strong>saepenu-</strong></span> 
     </span>
     <span class='ocr_line' id='line_1_9' title="bbox 344 1410 1517 1499; baseline -0.001 -23"><span class='ocrx_word' id='word_1_71' title='bbox 344 1432 434 1477; x_wconf 83' lang='lat' dir='ltr'><strong>mero</strong></span> <span class='ocrx_word' id='word_1_72' title='bbox 455 1411 593 1493; x_wconf 88' lang='lat' dir='ltr'><strong>accidit,</strong></span> <span class='ocrx_word' id='word_1_73' title='bbox 614 1420 652 1476; x_wconf 89' lang='lat' dir='ltr'><strong>ut</strong></span> <span class='ocrx_word' id='word_1_74' title='bbox 670 1432 745 1477; x_wconf 89' lang='lat' dir='ltr'><strong>cum</strong></span> <span class='ocrx_word' id='word_1_75' title='bbox 764 1410 837 1497; x_wconf 87' lang='lat' dir='ltr'><strong>lege</strong></span> <span class='ocrx_word' id='word_1_76' title='bbox 852 1448 893 1458; x_wconf 91' lang='lat'><em>-</em></span> <span class='ocrx_word' id='word_1_77' title='bbox 908 1410 1001 1475; x_wconf 89' lang='lat' dir='ltr'><strong>cuius</strong></span> <span class='ocrx_word' id='word_1_78' title='bbox 1020 1410 1132 1499; x_wconf 84' lang='lat' dir='ltr'><strong>ferme·</strong></span> <span class='ocrx_word' id='word_1_79' title='bbox 1144 1433 1211 1479; x_wconf 92' lang='lat' dir='ltr'><strong>non</strong></span> <span class='ocrx_word' id='word_1_80' title='bbox 1230 1410 1269 1476; x_wconf 87' lang='lat' dir='ltr'><strong>fit</strong></span> <span class='ocrx_word' id='word_1_81' title='bbox 1283 1412 1406 1477; x_wconf 89' lang='lat' dir='ltr'><strong>mentio</strong></span> <span class='ocrx_word' id='word_1_82' title='bbox 1422 1412 1517 1476; x_wconf 84' lang='lat' dir='ltr'><strong>nisi&#39;</strong></span> 
     </span>
     <span class='ocr_line' id='line_1_10' title="bbox 342 1512 1498 1601; baseline 0.003 -24"><span class='ocrx_word' id='word_1_83' title='bbox 342 1514 377 1577; x_wconf 91' lang='lat' dir='ltr'><strong>in</strong></span> <span class='ocrx_word' id='word_1_84' title='bbox 392 1513 462 1579; x_wconf 89' lang='lat' dir='ltr'><strong>iure</strong></span> <span class='ocrx_word' id='word_1_85' title='bbox 477 1514 650 1579; x_wconf 80' lang='lat' dir='ltr'><strong>etiamtum</strong></span> <span class='ocrx_word' id='word_1_86' title='bbox 665 1514 803 1600; x_wconf 88' lang='lat' dir='ltr'><strong>probato</strong></span> <span class='ocrx_word' id='word_1_87' title='bbox 821 1550 863 1561; x_wconf 93' lang='lat'>-</span> <span class='ocrx_word' id='word_1_88' title='bbox 876 1512 923 1596; x_wconf 88' lang='lat' dir='ltr'><strong>id,</strong></span> <span class='ocrx_word' id='word_1_89' title='bbox 939 1512 1027 1600; x_wconf 91' lang='lat' dir='ltr'><strong>quod</strong></span> <span class='ocrx_word' id='word_1_90' title='bbox 1041 1514 1222 1601; x_wconf 83' lang='lat' dir='ltr'><strong>posteriore</strong></span> <span class='ocrx_word' id='word_1_91' title='bbox 1233 1512 1366 1578; x_wconf 84' lang='lat' dir='ltr'><strong>demum</strong></span> <span class='ocrx_word' id='word_1_92' title='bbox 1378 1523 1498 1580; x_wconf 83' lang='lat' dir='ltr'><strong>aetate</strong></span> 
     </span>
     <span class='ocr_line' id='line_1_11' title="bbox 312 1614 1498 1703; baseline -0.002 -19"><span class='ocrx_word' id='word_1_93' title='bbox 312 1680 314 1685; x_wconf 86' lang='lat'><em>.</em></span> <span class='ocrx_word' id='word_1_94' title='bbox 342 1638 384 1681; x_wconf 89' lang='lat' dir='ltr'><strong>ex</strong></span> <span class='ocrx_word' id='word_1_95' title='bbox 408 1616 678 1701; x_wconf 76' lang='lat' dir='ltr'><strong>interpretatione</strong></span> <span class='ocrx_word' id='word_1_96' title='bbox 702 1615 914 1703; x_wconf 88' lang='lat' dir='ltr'><strong>prudentium</strong></span> <span class='ocrx_word' id='word_1_97' title='bbox 939 1616 1095 1699; x_wconf 86' lang='lat' dir='ltr'><strong>accessit,</strong></span> <span class='ocrx_word' id='word_1_98' title='bbox 1121 1614 1358 1682; x_wconf 73' lang='lat' dir='ltr'><strong>confundatum</strong></span> <span class='ocrx_word' id='word_1_99' title='bbox 1389 1637 1498 1703; x_wconf 88' lang='lat' dir='ltr'><strong>quam</strong></span> 
     </span>
     <span class='ocr_line' id='line_1_12' title="bbox 309 1710 1496 1806; baseline 0.001 -24"><span class='ocrx_word' id='word_1_100' title='bbox 309 1718 311 1723; x_wconf 77' lang='grc'>’</span> <span class='ocrx_word' id='word_1_101' title='bbox 341 1717 626 1805; x_wconf 85' lang='lat' dir='ltr'><strong>reprehensionem</strong></span> <span class='ocrx_word' id='word_1_102' title='bbox 639 1740 681 1783; x_wconf 91' lang='lat' dir='ltr'><strong>ne</strong></span> <span class='ocrx_word' id='word_1_103' title='bbox 697 1718 800 1785; x_wconf 82' lang='lat' dir='ltr'><strong>Gaius</strong></span> <span class='ocrx_word' id='word_1_104' title='bbox 816 1718 967 1806; x_wconf 84' lang='lat' dir='ltr'><strong>quidem,</strong></span> <span class='ocrx_word' id='word_1_105' title='bbox 987 1710 1044 1804; x_wconf 85' lang='lat' dir='ltr'><strong>qui</strong></span> <span class='ocrx_word' id='word_1_106' title='bbox 1057 1713 1258 1803; x_wconf 71' lang='lat' dir='ltr'><strong>peculiarem</strong></span> <span class='ocrx_word' id='word_1_107' title='bbox 1271 1716 1394 1785; x_wconf 89' lang='lat' dir='ltr'><strong>librum</strong></span> <span class='ocrx_word' id='word_1_108' title='bbox 1409 1719 1496 1784; x_wconf 88' lang='lat' dir='ltr'><strong>scri-</strong></span> 
     </span>
     <span class='ocr_line' id='line_1_13' title="bbox 342 1817 1496 1907; baseline 0.003 -24"><span class='ocrx_word' id='word_1_109' title='bbox 342 1820 410 1907; x_wconf 88' lang='lat' dir='ltr'><strong>psit</strong></span> <span class='ocrx_word' id='word_1_110' title='bbox 430 1818 474 1885; x_wconf 86' lang='lat' dir='ltr'><strong>ad</strong></span> <span class='ocrx_word' id='word_1_111' title='bbox 494 1817 601 1904; x_wconf 87' lang='lat' dir='ltr'><strong>legem</strong></span> <span class='ocrx_word' id='word_1_112' title='bbox 620 1818 692 1885; x_wconf 88' lang='lat' dir='ltr'><strong>XII</strong></span> <span class='ocrx_word' id='word_1_113' title='bbox 712 1818 918 1903; x_wconf 88' lang='lat' dir='ltr'><strong>tabularum,</strong></span> <span class='ocrx_word' id='word_1_114' title='bbox 945 1819 1034 1886; x_wconf 91' lang='lat' dir='ltr'><strong>omni</strong></span> <span class='ocrx_word' id='word_1_115' title='bbox 1054 1828 1211 1907; x_wconf 81' lang='lat' dir='ltr'><strong>exparte</strong></span> <span class='ocrx_word' id='word_1_116' title='bbox 1231 1820 1360 1888; x_wconf 86' lang='lat' dir='ltr'><strong>vitavit</strong></span> <span class='ocrx_word' id='word_1_117' title='bbox 1400 1819 1496 1886; x_wconf 89' lang='lat' dir='ltr'><strong>Nam</strong></span> 
     </span>
     <span class='ocr_line' id='line_1_14' title="bbox 341 1919 1496 2009; baseline 0.001 -22"><span class='ocrx_word' id='word_1_118' title='bbox 341 1944 426 2009; x_wconf 86' lang='lat' dir='ltr'><strong>quae</strong></span> <span class='ocrx_word' id='word_1_119' title='bbox 441 1943 462 1987; x_wconf 88' lang='lat' dir='ltr'><strong>a</strong></span> <span class='ocrx_word' id='word_1_120' title='bbox 476 1920 633 1987; x_wconf 79' lang='lat' dir='ltr'><strong>Cicerone</strong></span> <span class='ocrx_word' id='word_1_121' title='bbox 648 1920 779 1987; x_wconf 79' lang='lat' dir='ltr'><strong>disertis</strong></span> <span class='ocrx_word' id='word_1_122' title='bbox 796 1922 908 1987; x_wconf 84' lang='lat' dir='ltr'><strong>verbis</strong></span> <span class='ocrx_word' id='word_1_123' title='bbox 923 1919 1158 2007; x_wconf 76' lang='lat' dir='ltr'><strong>disiunguntur·</strong></span> <span class='ocrx_word' id='word_1_124' title='bbox 1171 1945 1204 2009; x_wconf 90' lang='lat' dir='ltr'><strong>p.</strong></span> <span class='ocrx_word' id='word_1_125' title='bbox 1221 1921 1364 1988; x_wconf 79' lang='lat' dir='ltr'><strong>Caecina</strong></span> <span class='ocrx_word' id='word_1_126' title='bbox 1380 1923 1429 2006; x_wconf 89' lang='lat'><strong>19,</strong></span> <span class='ocrx_word' id='word_1_127' title='bbox 1445 1923 1496 1989; x_wconf 83' lang='lat'><strong>54</strong></span> 
     </span>
     <span class='ocr_line' id='line_1_15' title="bbox 342 2027 1494 2103; baseline 0.002 -14"><span class='ocrx_word' id='word_1_128' title='bbox 342 2028 420 2089; x_wconf 76' lang='lat' dir='ltr'><strong>‘Iex</strong></span> <span class='ocrx_word' id='word_1_129' title='bbox 433 2044 519 2090; x_wconf 70' lang='lat' dir='ltr'><strong>aava</strong></span> <span class='ocrx_word' id='word_1_130' title='bbox 532 2034 562 2090; x_wconf 84' lang='lat' dir='ltr'><strong>et</strong></span> <span class='ocrx_word' id='word_1_131' title='bbox 575 2028 780 2089; x_wconf 81' lang='lat' dir='ltr'><strong>auctoritatem</strong></span> <span class='ocrx_word' id='word_1_132' title='bbox 792 2028 889 2103; x_wconf 75' lang='lat' dir='ltr'><strong>fundi</strong></span> <span class='ocrx_word' id='word_1_133' title='bbox 901 2027 980 2089; x_wconf 75' lang='lat' dir='ltr'><strong>utet</strong></span> <span class='ocrx_word' id='word_1_134' title='bbox 992 2034 1057 2089; x_wconf 75' lang='lat' dir='ltr'><strong>esse</strong></span> <span class='ocrx_word' id='word_1_135' title='bbox 1069 2027 1238 2089; x_wconf 74' lang='lat' dir='ltr'><strong>biennium:</strong></span> <span class='ocrx_word' id='word_1_136' title='bbox 1260 2035 1294 2089; x_wconf 81' lang='lat' dir='ltr'><strong>ot</strong></span> <span class='ocrx_word' id='word_1_137' title='bbox 1307 2031 1420 2090; x_wconf 76' lang='lat' dir='ltr'><strong>etiamr</strong></span> <span class='ocrx_word' id='word_1_138' title='bbox 1431 2045 1494 2091; x_wconf 84' lang='lat' dir='ltr'><strong>eo-</strong></span> 
     </span>
     <span class='ocr_line' id='line_1_16' title="bbox 342 2127 1491 2214; baseline 0 -22"><span class='ocrx_word' id='word_1_139' title='bbox 342 2132 410 2192; x_wconf 83' lang='lat' dir='ltr'><strong>dem</strong></span> <span class='ocrx_word' id='word_1_140' title='bbox 435 2133 501 2191; x_wconf 80' lang='lat' dir='ltr'><strong>iure</strong></span> <span class='ocrx_word' id='word_1_141' title='bbox 526 2133 558 2191; x_wconf 81' lang='lat' dir='ltr'><strong>in</strong></span> <span class='ocrx_word' id='word_1_142' title='bbox 583 2130 707 2191; x_wconf 77' lang='lat' dir='ltr'><strong>aedibus</strong></span> <span class='ocrx_word' id='word_1_143' title='bbox 732 2147 810 2207; x_wconf 81' lang='lat' dir='ltr'><strong>quae</strong></span> <span class='ocrx_word' id='word_1_144' title='bbox 830 2132 863 2191; x_wconf 80' lang='lat' dir='ltr'><strong>in</strong></span> <span class='ocrx_word' id='word_1_145' title='bbox 884 2132 949 2205; x_wconf 66' lang='lat' dir='ltr'><strong>leue</strong></span> <span class='ocrx_word' id='word_1_146' title='bbox 968 2145 1028 2190; x_wconf 80' lang='lat' dir='ltr'><strong>oon</strong></span> <span class='ocrx_word' id='word_1_147' title='bbox 1046 2132 1252 2207; x_wconf 78' lang='lat' dir='ltr'><strong>appellantur’</strong></span> <span class='ocrx_word' id='word_1_148' title='bbox 1274 2137 1308 2192; x_wconf 89' lang='lat' dir='ltr'><strong>et</strong></span> <span class='ocrx_word' id='word_1_149' title='bbox 1327 2127 1364 2191; x_wconf 91' lang='lat' dir='ltr'><strong>in</strong></span> <span class='ocrx_word' id='word_1_150' title='bbox 1383 2127 1491 2214; x_wconf 84' lang='lat' dir='ltr'><strong>Topi-</strong></span> 
     </span>
     <span class='ocr_line' id='line_1_17' title="bbox 341 2228 1492 2310; baseline 0.003 -17"><span class='ocrx_word' id='word_1_151' title='bbox 341 2228 389 2293; x_wconf 89' lang='lat' dir='ltr'><strong>cis</strong></span> <span class='ocrx_word' id='word_1_152' title='bbox 404 2228 442 2310; x_wconf 84' lang='lat'><strong>4,</strong></span> <span class='ocrx_word' id='word_1_153' title='bbox 462 2228 505 2293; x_wconf 82' lang='lat'><strong>23</strong></span> <span class='ocrx_word' id='word_1_154' title='bbox 531 2232 690 2306; x_wconf 78' lang='lat' dir='ltr'><strong>‘Quoniam</strong></span> <span class='ocrx_word' id='word_1_155' title='bbox 709 2250 781 2294; x_wconf 75' lang='lat' dir='ltr'><strong>suus</strong></span> <span class='ocrx_word' id='word_1_156' title='bbox 801 2234 966 2294; x_wconf 61' lang='lat' dir='ltr'><strong>emeritos</strong></span> <span class='ocrx_word' id='word_1_157' title='bbox 976 2231 1074 2305; x_wconf 79' lang='lat' dir='ltr'><strong>fundi</strong></span> <span class='ocrx_word' id='word_1_158' title='bbox 1089 2232 1239 2293; x_wconf 62' lang='lat' dir='ltr'><strong>mmmm</strong></span> <span class='ocrx_word' id='word_1_159' title='bbox 1258 2241 1314 2308; x_wconf 84' lang='lat' dir='ltr'><strong>est,</strong></span> <span class='ocrx_word' id='word_1_160' title='bbox 1340 2235 1380 2293; x_wconf 78' lang='lat' dir='ltr'><strong>stt</strong></span> <span class='ocrx_word' id='word_1_161' title='bbox 1397 2235 1492 2296; x_wconf 65' lang='lat' dir='ltr'><strong>enom</strong></span> 
     </span>
     <span class='ocr_line' id='line_1_18' title="bbox 341 2334 1492 2412; baseline 0.002 -17"><span class='ocrx_word' id='word_1_162' title='bbox 341 2334 480 2395; x_wconf 79' lang='lat' dir='ltr'><strong>aedium:</strong></span> <span class='ocrx_word' id='word_1_163' title='bbox 503 2342 536 2395; x_wconf 83' lang='lat' dir='ltr'><strong>ot</strong></span> <span class='ocrx_word' id='word_1_164' title='bbox 555 2337 586 2396; x_wconf 81' lang='lat' dir='ltr'><strong>ia</strong></span> <span class='ocrx_word' id='word_1_165' title='bbox 607 2338 672 2411; x_wconf 62' lang='lat' dir='ltr'><strong>leffe</strong></span> <span class='ocrx_word' id='word_1_166' title='bbox 696 2336 787 2397; x_wconf 77' lang='lat' dir='ltr'><strong>aedes</strong></span> <span class='ocrx_word' id='word_1_167' title='bbox 801 2350 860 2395; x_wconf 85' lang='lat' dir='ltr'><strong>non</strong></span> <span class='ocrx_word' id='word_1_168' title='bbox 875 2338 1071 2412; x_wconf 69' lang='lat' dir='ltr'><strong>appellante</strong></span> <span class='ocrx_word' id='word_1_169' title='bbox 1083 2343 1114 2396; x_wconf 85' lang='lat' dir='ltr'><strong>et</strong></span> <span class='ocrx_word' id='word_1_170' title='bbox 1125 2342 1372 2397; x_wconf 74' lang='lat' dir='ltr'><strong>mmceterorum</strong></span> <span class='ocrx_word' id='word_1_171' title='bbox 1384 2352 1492 2397; x_wconf 78' lang='lat' dir='ltr'><strong>rerum</strong></span> 
     </span>
     <span class='ocr_line' id='line_1_19' title="bbox 342 2432 1492 2514; baseline 0.002 -15"><span class='ocrx_word' id='word_1_172' title='bbox 342 2440 473 2499; x_wconf 70' lang='lat' dir='ltr'><strong>maison</strong></span> <span class='ocrx_word' id='word_1_173' title='bbox 487 2454 616 2514; x_wconf 75' lang='lat' dir='ltr'><strong>quarum</strong></span> <span class='ocrx_word' id='word_1_174' title='bbox 630 2454 749 2499; x_wconf 79' lang='lat' dir='ltr'><strong>annuus</strong></span> <span class='ocrx_word' id='word_1_175' title='bbox 762 2446 807 2500; x_wconf 84' lang='lat' dir='ltr'><strong>est</strong></span> <span class='ocrx_word' id='word_1_176' title='bbox 819 2440 915 2499; x_wconf 60' lang='lat' dir='ltr'><strong>usus:</strong></span> <span class='ocrx_word' id='word_1_177' title='bbox 927 2433 1045 2499; x_wconf 78' lang='lat' dir='ltr'><strong>eadem</strong></span> <span class='ocrx_word' id='word_1_178' title='bbox 1060 2433 1172 2499; x_wconf 82' lang='lat' dir='ltr'><strong>turbet</strong></span> <span class='ocrx_word' id='word_1_179' title='bbox 1186 2432 1289 2499; x_wconf 83' lang='lat' dir='ltr'><strong>Gaius</strong></span> <span class='ocrx_word' id='word_1_180' title='bbox 1305 2432 1387 2499; x_wconf 88' lang='lat' dir='ltr'><strong>Inst.</strong></span> <span class='ocrx_word' id='word_1_181' title='bbox 1398 2433 1492 2501; x_wconf 79' lang='lat'>1142</span> 
     </span>
     <span class='ocr_line' id='line_1_20' title="bbox 341 2540 1494 2618; baseline 0.001 -17"><span class='ocrx_word' id='word_1_182' title='bbox 341 2540 520 2618; x_wconf 69' lang='lat' dir='ltr'><strong>³(Usucapio</strong></span> <span class='ocrx_word' id='word_1_183' title='bbox 534 2546 647 2618; x_wconf 83' lang='lat' dir='ltr'><strong>autem)</strong></span> <span class='ocrx_word' id='word_1_184' title='bbox 663 2541 811 2603; x_wconf 77' lang='lat' dir='ltr'><strong>motuum</strong></span> <span class='ocrx_word' id='word_1_185' title='bbox 825 2541 945 2617; x_wconf 73' lang='lat' dir='ltr'><strong>quidem</strong></span> <span class='ocrx_word' id='word_1_186' title='bbox 958 2556 1062 2601; x_wconf 83' lang='lat' dir='ltr'><strong>rerum</strong></span> <span class='ocrx_word' id='word_1_187' title='bbox 1075 2555 1158 2599; x_wconf 79' lang='lat' dir='ltr'><strong>anno</strong></span> <span class='ocrx_word' id='word_1_188' title='bbox 1175 2541 1352 2615; x_wconf 80' lang='lat' dir='ltr'><strong>completur,</strong></span> <span class='ocrx_word' id='word_1_189' title='bbox 1372 2540 1494 2614; x_wconf 75' lang='lat' dir='ltr'><strong>fundi</strong></span> 
     </span>
     <span class='ocr_line' id='line_1_21' title="bbox 342 2626 1488 2717; baseline -0.001 -13"><span class='ocrx_word' id='word_1_190' title='bbox 342 2626 485 2705; x_wconf 72' lang='lat' dir='ltr'><strong>verost</strong></span> <span class='ocrx_word' id='word_1_191' title='bbox 505 2643 651 2705; x_wconf 77' lang='lat' dir='ltr'><strong>aedium</strong></span> <span class='ocrx_word' id='word_1_192' title='bbox 671 2642 803 2703; x_wconf 80' lang='lat' dir='ltr'><strong>biennio:</strong></span> <span class='ocrx_word' id='word_1_193' title='bbox 824 2650 854 2704; x_wconf 85' lang='lat' dir='ltr'><strong>ct</strong></span> <span class='ocrx_word' id='word_1_194' title='bbox 873 2646 916 2703; x_wconf 80' lang='lat' dir='ltr'><strong>ita</strong></span> <span class='ocrx_word' id='word_1_195' title='bbox 935 2645 1000 2717; x_wconf 67' lang='lat' dir='ltr'><strong>leae</strong></span> <span class='ocrx_word' id='word_1_196' title='bbox 1014 2641 1086 2703; x_wconf 80' lang='lat' dir='ltr'><strong>XII</strong></span> <span class='ocrx_word' id='word_1_197' title='bbox 1101 2642 1272 2703; x_wconf 80' lang='lat' dir='ltr'><strong>tabularum</strong></span> <span class='ocrx_word' id='word_1_198' title='bbox 1286 2649 1488 2705; x_wconf 64' lang='lat' dir='ltr'><strong>canumet)</strong></span> 
     </span>
     <span class='ocr_line' id='line_1_22' title="bbox 342 2740 1550 2828; baseline 0.001 -21"><span class='ocrx_word' id='word_1_199' title='bbox 342 2742 432 2824; x_wconf 79' lang='lat' dir='ltr'><strong>Quin</strong></span> <span class='ocrx_word' id='word_1_200' title='bbox 452 2764 562 2807; x_wconf 87' lang='lat' dir='ltr'><strong>secum</strong></span> <span class='ocrx_word' id='word_1_201' title='bbox 576 2744 647 2828; x_wconf 90' lang='lat' dir='ltr'><strong>ipse</strong></span> <span class='ocrx_word' id='word_1_202' title='bbox 662 2749 783 2822; x_wconf 88' lang='lat' dir='ltr'><strong>certat,</strong></span> <span class='ocrx_word' id='word_1_203' title='bbox 799 2763 875 2806; x_wconf 90' lang='lat' dir='ltr'><strong>oum</strong></span> <span class='ocrx_word' id='word_1_204' title='bbox 888 2740 1087 2807; x_wconf 81' lang='lat' dir='ltr'><strong>furtivarum</strong></span> <span class='ocrx_word' id='word_1_205' title='bbox 1101 2762 1209 2805; x_wconf 90' lang='lat' dir='ltr'><strong>rerum</strong></span> <span class='ocrx_word' id='word_1_206' title='bbox 1224 2750 1258 2805; x_wconf 88' lang='lat' dir='ltr'><strong>et</strong></span> <span class='ocrx_word' id='word_1_207' title='bbox 1271 2740 1306 2806; x_wconf 84' lang='lat' dir='ltr'><strong>vi</strong></span> <span class='ocrx_word' id='word_1_208' title='bbox 1320 2764 1489 2828; x_wconf 89' lang='lat' dir='ltr'><strong>possessa·</strong></span> <span class='ocrx_word' id='word_1_209' title='bbox 1543 2746 1550 2759; x_wconf 72' lang='lat'>‘</span> 
     </span>
     <span class='ocr_line' id='line_1_23' title="bbox 341 2842 1489 2930; baseline 0.001 -21"><span class='ocrx_word' id='word_1_210' title='bbox 341 2866 415 2909; x_wconf 85' lang='lat' dir='ltr'><strong>rum</strong></span> <span class='ocrx_word' id='word_1_211' title='bbox 435 2844 669 2930; x_wconf 76' lang='lat' dir='ltr'><strong>usucapionem</strong></span> <span class='ocrx_word' id='word_1_212' title='bbox 689 2864 749 2930; x_wconf 87' lang='lat' dir='ltr'><strong>per</strong></span> <span class='ocrx_word' id='word_1_213' title='bbox 769 2842 876 2928; x_wconf 87' lang='lat' dir='ltr'><strong>legem</strong></span> <span class='ocrx_word' id='word_1_214' title='bbox 894 2842 967 2908; x_wconf 86' lang='lat' dir='ltr'><strong>XII</strong></span> <span class='ocrx_word' id='word_1_215' title='bbox 986 2842 1174 2908; x_wconf 91' lang='lat' dir='ltr'><strong>tabularum</strong></span> <span class='ocrx_word' id='word_1_216' title='bbox 1195 2842 1393 2929; x_wconf 89' lang='lat' dir='ltr'><strong>prohibitam</strong></span> <span class='ocrx_word' id='word_1_217' title='bbox 1413 2866 1489 2910; x_wconf 89' lang='lat' dir='ltr'><strong>esse</strong></span> 
     </span>
     <span class='ocr_line' id='line_1_24' title="bbox 342 2944 1489 3023; baseline 0.001 -12"><span class='ocrx_word' id='word_1_218' title='bbox 342 2955 469 3015; x_wconf 88' lang='lat' dir='ltr'><strong>statuat</strong></span> <span class='ocrx_word' id='word_1_219' title='bbox 482 2944 519 3011; x_wconf 96' lang='lat' dir='ltr'><strong>II</strong></span> <span class='ocrx_word' id='word_1_220' title='bbox 532 2946 590 3011; x_wconf 83' lang='lat'><strong>49:</strong></span> <span class='ocrx_word' id='word_1_221' title='bbox 612 2966 687 3010; x_wconf 87' lang='lat' dir='ltr'><strong>nam</strong></span> <span class='ocrx_word' id='word_1_222' title='bbox 706 2945 905 3013; x_wconf 84' lang='lat' dir='ltr'><strong>furtivarum</strong></span> <span class='ocrx_word' id='word_1_223' title='bbox 925 2954 1052 3023; x_wconf 84' lang='lat' dir='ltr'><strong>tantum</strong></span> <span class='ocrx_word' id='word_1_224' title='bbox 1072 2953 1239 3010; x_wconf 87' lang='lat' dir='ltr'><strong>aeternam</strong></span> <span class='ocrx_word' id='word_1_225' title='bbox 1258 2946 1489 3012; x_wconf 85' lang='lat' dir='ltr'><strong>auctoritatem</strong></span> 
     </span>
     <span class='ocr_line' id='line_1_25' title="bbox 342 3038 1489 3136; baseline 0.003 -25"><span class='ocrx_word' id='word_1_226' title='bbox 342 3046 397 3113; x_wconf 82' lang='lat' dir='ltr'><strong>lex</strong></span> <span class='ocrx_word' id='word_1_227' title='bbox 412 3046 482 3113; x_wconf 88' lang='lat' dir='ltr'><strong>XII</strong></span> <span class='ocrx_word' id='word_1_228' title='bbox 503 3070 577 3113; x_wconf 86' lang='lat' dir='ltr'><strong>esse</strong></span> <span class='ocrx_word' id='word_1_229' title='bbox 599 3038 719 3131; x_wconf 70' lang='lat' dir='ltr'><strong>uoluit,</strong></span> <span class='ocrx_word' id='word_1_230' title='bbox 745 3048 780 3115; x_wconf 91' lang='lat' dir='ltr'><strong>vi</strong></span> <span class='ocrx_word' id='word_1_231' title='bbox 799 3068 1027 3136; x_wconf 84' lang='lat' dir='ltr'><strong>possessarum</strong></span> <span class='ocrx_word' id='word_1_232' title='bbox 1045 3044 1100 3111; x_wconf 83' lang='lat' dir='ltr'><strong>lex</strong></span> <span class='ocrx_word' id='word_1_233' title='bbox 1119 3044 1205 3111; x_wconf 90' lang='lat' dir='ltr'><strong>Iulia</strong></span> <span class='ocrx_word' id='word_1_234' title='bbox 1224 3057 1258 3113; x_wconf 89' lang='lat' dir='ltr'><strong>et</strong></span> <span class='ocrx_word' id='word_1_235' title='bbox 1277 3046 1423 3130; x_wconf 81' lang='lat' dir='ltr'><strong>Plautia,</strong></span> <span class='ocrx_word' id='word_1_236' title='bbox 1446 3059 1489 3114; x_wconf 89' lang='lat' dir='ltr'><strong>-ut</strong></span> 
     </span>
     <span class='ocr_line' id='line_1_26' title="bbox 342 3148 1487 3241; baseline -0.002 -24"><span class='ocrx_word' id='word_1_237' title='bbox 342 3150 497 3217; x_wconf 85' lang='lat' dir='ltr'><strong>docemur</strong></span> <span class='ocrx_word' id='word_1_238' title='bbox 519 3154 551 3232; x_wconf 62' lang='grc' dir='ltr'><strong>ξ.</strong></span> <span class='ocrx_word' id='word_1_239' title='bbox 572 3149 629 3235; x_wconf 77' lang='lat'><strong>453</strong></span> <span class='ocrx_word' id='word_1_240' title='bbox 660 3171 758 3237; x_wconf 88' lang='lat' dir='ltr'><strong>quarn</strong></span> <span class='ocrx_word' id='word_1_241' title='bbox 787 3148 1030 3241; x_wconf 86' lang='lat' dir='ltr'><strong>neglegentiam</strong></span> <span class='ocrx_word' id='word_1_242' title='bbox 1053 3170 1170 3236; x_wconf 87' lang='lat' dir='ltr'><strong>parum</strong></span> <span class='ocrx_word' id='word_1_243' title='bbox 1197 3158 1273 3236; x_wconf 89' lang='lat' dir='ltr'><strong>apte</strong></span> <span class='ocrx_word' id='word_1_244' title='bbox 1298 3149 1487 3216; x_wconf 86' lang='lat' dir='ltr'><strong>Dirksenus</strong></span> 
     </span>
     <span class='ocr_line' id='line_1_27' title="bbox 305 3249 1487 3339; baseline 0.003 -24"><span class='ocrx_word' id='word_1_245' title='bbox 305 3276 307 3281; x_wconf 95' lang='lat'>·</span> <span class='ocrx_word' id='word_1_246' title='bbox 344 3249 492 3337; x_wconf 84' lang='lat' dir='ltr'><strong>(Fragm.</strong></span> <span class='ocrx_word' id='word_1_247' title='bbox 508 3250 580 3316; x_wconf 85' lang='lat' dir='ltr'><strong>XII</strong></span> <span class='ocrx_word' id='word_1_248' title='bbox 596 3252 684 3317; x_wconf 82' lang='lat' dir='ltr'><strong>tabb.</strong></span> <span class='ocrx_word' id='word_1_249' title='bbox 701 3275 734 3339; x_wconf 90' lang='lat' dir='ltr'><strong>p.</strong></span> <span class='ocrx_word' id='word_1_250' title='bbox 752 3252 831 3338; x_wconf 80' lang='lat'>592)</span> <span class='ocrx_word' id='word_1_251' title='bbox 845 3253 922 3318; x_wconf 87' lang='lat' dir='ltr'><strong>inde</strong></span> <span class='ocrx_word' id='word_1_252' title='bbox 943 3262 1098 3334; x_wconf 84' lang='lat' dir='ltr'><strong>excusat,</strong></span> <span class='ocrx_word' id='word_1_253' title='bbox 1120 3251 1209 3338; x_wconf 88' lang='lat' dir='ltr'><strong>quod</strong></span> <span class='ocrx_word' id='word_1_254' title='bbox 1229 3262 1339 3319; x_wconf 86' lang='lat' dir='ltr'><strong>aetate</strong></span> <span class='ocrx_word' id='word_1_255' title='bbox 1360 3252 1487 3318; x_wconf 87' lang='lat' dir='ltr'><strong>decem·</strong></span> 
     </span>
     <span class='ocr_line' id='line_1_28' title="bbox 344 3352 1487 3441; baseline 0.001 -22"><span class='ocrx_word' id='word_1_256' title='bbox 344 3353 453 3419; x_wconf 86' lang='lat' dir='ltr'><strong>virum</strong></span> <span class='ocrx_word' id='word_1_257' title='bbox 476 3352 622 3421; x_wconf 86' lang='lat' dir='ltr'><strong>violenta</strong></span> <span class='ocrx_word' id='word_1_258' title='bbox 645 3355 810 3441; x_wconf 86' lang='lat' dir='ltr'><strong>possessio</strong></span> <span class='ocrx_word' id='word_1_259' title='bbox 836 3354 880 3420; x_wconf 83' lang='lat' dir='ltr'><strong>a&#39;d</strong></span> <span class='ocrx_word' id='word_1_260' title='bbox 905 3356 1030 3419; x_wconf 87' lang='lat' dir='ltr'><strong>furtum</strong></span> <span class='ocrx_word' id='word_1_261' title='bbox 1056 3352 1210 3420; x_wconf 83' lang='lat' dir='ltr'><strong>videatur</strong></span> <span class='ocrx_word' id='word_1_262' title='bbox 1239 3352 1345 3418; x_wconf 86' lang='lat' dir='ltr'><strong>relata</strong></span> <span class='ocrx_word' id='word_1_263' title='bbox 1372 3354 1487 3420; x_wconf 84' lang='lat' dir='ltr'><strong>fuisse.</strong></span> 
     </span>
     <span class='ocr_line' id='line_1_29' title="bbox 343 3442 1488 3544; baseline 0 -22"><span class='ocrx_word' id='word_1_264' title='bbox 343 3455 471 3522; x_wconf 86' lang='lat' dir='ltr'><strong>Similia</strong></span> <span class='ocrx_word' id='word_1_265' title='bbox 486 3454 574 3542; x_wconf 85' lang='lat' dir='ltr'><strong>apud</strong></span> <span class='ocrx_word' id='word_1_266' title='bbox 594 3465 718 3522; x_wconf 84' lang='lat' dir='ltr'><strong>ceteros</strong></span> <span class='ocrx_word' id='word_1_267' title='bbox 742 3478 805 3540; x_wconf 83' lang='lat' dir='ltr'><strong>usu</strong></span> <span class='ocrx_word' id='word_1_268' title='bbox 826 3442 974 3523; x_wconf 82' lang='lat' dir='ltr'><strong>veniunt.</strong></span> <span class='ocrx_word' id='word_1_269' title='bbox 996 3462 1048 3522; x_wconf 92' lang='lat' dir='ltr'><strong>Ita</strong></span> <span class='ocrx_word' id='word_1_270' title='bbox 1058 3454 1148 3544; x_wconf 87' lang='lat' dir='ltr'><strong>quod</strong></span> <span class='ocrx_word' id='word_1_271' title='bbox 1159 3453 1294 3520; x_wconf 89' lang='lat' dir='ltr'><strong>Paullus</strong></span> <span class='ocrx_word' id='word_1_272' title='bbox 1305 3454 1395 3520; x_wconf 86' lang='lat' dir='ltr'><strong>Sent.</strong></span> <span class='ocrx_word' id='word_1_273' title='bbox 1407 3454 1488 3522; x_wconf 90' lang='lat' dir='ltr'><strong>IV8</strong></span> 
     </span>
     <span class='ocr_line' id='line_1_30' title="bbox 344 3556 1490 3644; baseline -0.001 -21"><span class='ocrx_word' id='word_1_274' title='bbox 344 3556 476 3643; x_wconf 78' lang='lat' dir='ltr'><strong>(Collat.</strong></span> <span class='ocrx_word' id='word_1_275' title='bbox 491 3556 578 3623; x_wconf 89' lang='lat' dir='ltr'><strong>XVI</strong></span> <span class='ocrx_word' id='word_1_276' title='bbox 588 3558 620 3641; x_wconf 87' lang='lat'><strong>3,</strong></span> <span class='ocrx_word' id='word_1_277' title='bbox 636 3558 672 3644; x_wconf 87' lang='lat'><strong>3)</strong></span> <span class='ocrx_word' id='word_1_278' title='bbox 687 3557 728 3623; x_wconf 89' lang='lat' dir='ltr'><strong>de</strong></span> <span class='ocrx_word' id='word_1_279' title='bbox 743 3557 890 3644; x_wconf 87' lang='lat' dir='ltr'><strong>legitimo</strong></span> <span class='ocrx_word' id='word_1_280' title='bbox 904 3558 1062 3625; x_wconf 88' lang='lat' dir='ltr'><strong>heredum</strong></span> <span class='ocrx_word' id='word_1_281' title='bbox 1077 3557 1192 3624; x_wconf 87' lang='lat' dir='ltr'><strong>ordine</strong></span> <span class='ocrx_word' id='word_1_282' title='bbox 1206 3566 1300 3622; x_wconf 85' lang='lat' dir='ltr'><strong>notat</strong></span> <span class='ocrx_word' id='word_1_283' title='bbox 1313 3562 1399 3622; x_wconf 77' lang='lat' dir='ltr'><strong>‘saue</strong></span> <span class='ocrx_word' id='word_1_284' title='bbox 1412 3578 1490 3622; x_wconf 82' lang='lat' dir='ltr'><strong>coo-</strong></span> 
     </span>
     <span class='ocr_line' id='line_1_31' title="bbox 341 3652 1490 3742; baseline 0.002 -19"><span class='ocrx_word' id='word_1_285' title='bbox 341 3668 521 3739; x_wconf 72' lang='lat' dir='ltr'><strong>sonouineos</strong></span> <span class='ocrx_word' id='word_1_286' title='bbox 534 3666 586 3725; x_wconf 83' lang='lat' dir='ltr'><strong>lex</strong></span> <span class='ocrx_word' id='word_1_287' title='bbox 600 3681 659 3725; x_wconf 83' lang='lat' dir='ltr'><strong>nou</strong></span> <span class='ocrx_word' id='word_1_288' title='bbox 675 3665 922 3741; x_wconf 76' lang='lat' dir='ltr'><strong>adprehenderat</strong></span> <span class='ocrx_word' id='word_1_289' title='bbox 926 3688 938 3735; x_wconf 91' lang='lat'><strong>,·</strong></span> <span class='ocrx_word' id='word_1_290' title='bbox 957 3666 1200 3742; x_wconf 64' lang='lat' dir='ltr'><strong>intepretatum</strong></span> <span class='ocrx_word' id='word_1_291' title='bbox 1208 3652 1404 3740; x_wconf 69' lang='lat' dir='ltr'><strong>maeotim</strong></span> <span class='ocrx_word' id='word_1_292' title='bbox 1415 3668 1490 3741; x_wconf 81' lang='lat' dir='ltr'><strong>pri-</strong></span> 
     </span>
     <span class='ocr_line' id='line_1_32' title="bbox 342 3760 1489 3844; baseline 0.003 -19"><span class='ocrx_word' id='word_1_293' title='bbox 342 3782 421 3825; x_wconf 86' lang='lat' dir='ltr'><strong>mum</strong></span> <span class='ocrx_word' id='word_1_294' title='bbox 441 3768 518 3827; x_wconf 77' lang='lat' dir='ltr'><strong>inter</strong></span> <span class='ocrx_word' id='word_1_295' title='bbox 538 3774 664 3841; x_wconf 68' lang='lat' dir='ltr'><strong>conatos</strong></span> <span class='ocrx_word' id='word_1_296' title='bbox 683 3771 780 3829; x_wconf 85' lang='lat' dir='ltr'><strong>locum</strong></span> <span class='ocrx_word' id='word_1_297' title='bbox 799 3770 1007 3844; x_wconf 63' lang='lat' dir='ltr'><strong>occeperunt.-</strong></span> <span class='ocrx_word' id='word_1_298' title='bbox 1034 3763 1185 3829; x_wconf 89' lang='lat' dir='ltr'><strong>videmus</strong></span> <span class='ocrx_word' id='word_1_299' title='bbox 1205 3760 1306 3827; x_wconf 90' lang='lat' dir='ltr'><strong>nihilo</strong></span> <span class='ocrx_word' id='word_1_300' title='bbox 1328 3762 1430 3828; x_wconf 81' lang='lat' dir='ltr'><strong>setius</strong></span> <span class='ocrx_word' id='word_1_301' title='bbox 1445 3763 1489 3829; x_wconf 92' lang='lat' dir='ltr'><strong>ah</strong></span> 
     </span>
     <span class='ocr_line' id='line_1_33' title="bbox 342 3862 1490 3952; baseline 0.001 -22"><span class='ocrx_word' id='word_1_302' title='bbox 342 3862 485 3951; x_wconf 85' lang='lat' dir='ltr'><strong>Ulpiano</strong></span> <span class='ocrx_word' id='word_1_303' title='bbox 501 3864 555 3929; x_wconf 85' lang='lat' dir='ltr'><strong>Fr.</strong></span> <span class='ocrx_word' id='word_1_304' title='bbox 572 3864 722 3931; x_wconf 88' lang='lat' dir='ltr'>XXVII</span> <span class='ocrx_word' id='word_1_305' title='bbox 740 3863 873 3949; x_wconf 87' lang='lat' dir='ltr'><strong>(Collat.</strong></span> <span class='ocrx_word' id='word_1_306' title='bbox 889 3864 974 3931; x_wconf 90' lang='lat' dir='ltr'><strong>XVI</strong></span> <span class='ocrx_word' id='word_1_307' title='bbox 985 3864 1018 3946; x_wconf 84' lang='lat'><strong>4,</strong></span> <span class='ocrx_word' id='word_1_308' title='bbox 1037 3864 1069 3950; x_wconf 91' lang='lat' dir='ltr'><strong>l)</strong></span> <span class='ocrx_word' id='word_1_309' title='bbox 1084 3863 1344 3949; x_wconf 82' lang='lat' dir='ltr'><strong>consanguineos</strong></span> <span class='ocrx_word' id='word_1_310' title='bbox 1359 3887 1490 3952; x_wconf 90' lang='lat' dir='ltr'><strong>quoque</strong></span> 
     </span>
     <span class='ocr_line' id='line_1_34' title="bbox 342 3963 1491 4055; baseline 0.003 -25"><span class='ocrx_word' id='word_1_311' title='bbox 342 3963 409 4051; x_wconf 88' lang='lat' dir='ltr'><strong>legi</strong></span> <span class='ocrx_word' id='word_1_312' title='bbox 434 3966 548 4033; x_wconf 87' lang='lat' dir='ltr'><strong>tribui.</strong></span> <span class='ocrx_word' id='word_1_313' title='bbox 591 3966 662 4034; x_wconf 83' lang='lat' dir='ltr'><strong>Nec</strong></span> <span class='ocrx_word' id='word_1_314' title='bbox 687 3966 838 4055; x_wconf 83' lang='lat' dir='ltr'><strong>profecto</strong></span> <span class='ocrx_word' id='word_1_315' title='bbox 868 3990 943 4035; x_wconf 86' lang='lat' dir='ltr'><strong>curn</strong></span> <span class='ocrx_word' id='word_1_316' title='bbox 967 3966 1054 4033; x_wconf 90' lang='lat' dir='ltr'><strong>idem</strong></span> <span class='ocrx_word' id='word_1_317' title='bbox 1078 3964 1242 4053; x_wconf 86' lang='lat' dir='ltr'><strong>Ulpianus</strong></span> <span class='ocrx_word' id='word_1_318' title='bbox 1263 3964 1306 4031; x_wconf 85' lang='lat' dir='ltr'><strong>fr.</strong></span> <span class='ocrx_word' id='word_1_319' title='bbox 1328 3966 1436 4032; x_wconf 73' lang='lat' dir='ltr'><strong>xlta</strong></span> <span class='ocrx_word' id='word_1_320' title='bbox 1455 3978 1491 4034; x_wconf 87' lang='lat' dir='ltr'><strong>et</strong></span> 
     </span>
    </p>
   </div>
   <div class='ocr_carea' id='block_1_6' title="bbox 341 4172 1492 4670">
    <p class='ocr_par' dir='ltr' id='par_1_6' title="bbox 341 4172 1492 4670">
     <span class='ocr_line' id='line_1_35' title="bbox 411 4172 1490 4240; baseline 0.002 -15"><span class='ocrx_word' id='word_1_321' title='bbox 411 4172 431 4239; x_wconf 89' lang='lat'><strong>¹)</strong></span> <span class='ocrx_word' id='word_1_322' title='bbox 450 4174 488 4227; x_wconf 77' lang='lat' dir='ltr'><strong>cf.</strong></span> <span class='ocrx_word' id='word_1_323' title='bbox 506 4174 570 4227; x_wconf 81' lang='lat' dir='ltr'><strong>Sex.</strong></span> <span class='ocrx_word' id='word_1_324' title='bbox 589 4174 731 4226; x_wconf 82' lang='lat' dir='ltr'><strong>Caecilius</strong></span> <span class='ocrx_word' id='word_1_325' title='bbox 753 4173 837 4226; x_wconf 80' lang='lat' dir='ltr'><strong>Ictus</strong></span> <span class='ocrx_word' id='word_1_326' title='bbox 856 4174 996 4225; x_wconf 79' lang='lat' dir='ltr'><strong>Favorino</strong></span> <span class='ocrx_word' id='word_1_327' title='bbox 1018 4173 1182 4240; x_wconf 84' lang='lat' dir='ltr'><strong>philosopho</strong></span> <span class='ocrx_word' id='word_1_328' title='bbox 1205 4172 1360 4226; x_wconf 86' lang='lat' dir='ltr'><strong>collocutus</strong></span> <span class='ocrx_word' id='word_1_329' title='bbox 1382 4175 1421 4226; x_wconf 79' lang='lat' dir='ltr'><strong>it.</strong></span> <span class='ocrx_word' id='word_1_330' title='bbox 1438 4176 1490 4227; x_wconf 79' lang='lat' dir='ltr'><strong>XX</strong></span> 
     </span>
     <span class='ocr_line' id='line_1_36' title="bbox 345 4264 1492 4428; baseline 0.001 -31"><span class='ocrx_word' id='word_1_331' title='bbox 345 4265 368 4320; x_wconf 47' lang='lat'><strong>¹·</strong></span> <span class='ocrx_word' id='word_1_332' title='bbox 386 4264 531 4411; x_wconf 58' lang='lat' dir='ltr'><strong>5¹IqIIanc</strong></span> <span class='ocrx_word' id='word_1_333' title='bbox 553 4348 641 4397; x_wconf 80' lang='lat' dir='ltr'><strong>totam</strong></span> <span class='ocrx_word' id='word_1_334' title='bbox 663 4345 855 4428; x_wconf 75' lang='lat' dir='ltr'><strong>quaestIonem</strong></span> <span class='ocrx_word' id='word_1_335' title='bbox 876 4344 981 4411; x_wconf 76' lang='lat' dir='ltr'><strong>optIme</strong></span> <span class='ocrx_word' id='word_1_336' title='bbox 1003 4346 1189 4412; x_wconf 76' lang='lat' dir='ltr'><strong>pertractavit</strong></span> <span class='ocrx_word' id='word_1_337' title='bbox 1206 4344 1362 4411; x_wconf 86' lang='lat' dir='ltr'><strong>Dirlrsenus</strong></span> <span class='ocrx_word' id='word_1_338' title='bbox 1380 4346 1492 4398; x_wconf 84' lang='lat' dir='ltr'><strong>‘Ucber</strong></span> 
     </span>
     <span class='ocr_line' id='line_1_37' title="bbox 342 4428 1491 4499; baseline -0.001 -17"><span class='ocrx_word' id='word_1_339' title='bbox 342 4431 387 4482; x_wconf 87' lang='lat' dir='ltr'><strong>die</strong></span> <span class='ocrx_word' id='word_1_340' title='bbox 406 4430 513 4499; x_wconf 81' lang='lat' dir='ltr'><strong>Spuren</strong></span> <span class='ocrx_word' id='word_1_341' title='bbox 530 4432 626 4482; x_wconf 82' lang='lat' dir='ltr'><strong>histor.</strong></span> <span class='ocrx_word' id='word_1_342' title='bbox 644 4428 738 4480; x_wconf 81' lang='lat' dir='ltr'><strong>Kritilr</strong></span> <span class='ocrx_word' id='word_1_343' title='bbox 756 4429 812 4480; x_wconf 86' lang='lat' dir='ltr'><strong>und</strong></span> <span class='ocrx_word' id='word_1_344' title='bbox 830 4430 970 4494; x_wconf 84' lang='lat' dir='ltr'><strong>antiquar.</strong></span> <span class='ocrx_word' id='word_1_345' title='bbox 989 4430 1153 4496; x_wconf 79' lang='lat' dir='ltr'><strong>Forschung</strong></span> <span class='ocrx_word' id='word_1_346' title='bbox 1170 4432 1198 4481; x_wconf 82' lang='lat' dir='ltr'><strong>ln</strong></span> <span class='ocrx_word' id='word_1_347' title='bbox 1216 4431 1271 4481; x_wconf 82' lang='lat' dir='ltr'><strong>den</strong></span> <span class='ocrx_word' id='word_1_348' title='bbox 1282 4430 1425 4482; x_wconf 77' lang='lat' dir='ltr'><strong>Schriften</strong></span> <span class='ocrx_word' id='word_1_349' title='bbox 1441 4430 1491 4483; x_wconf 84' lang='lat' dir='ltr'><strong>der</strong></span> 
     </span>
     <span class='ocr_line' id='line_1_38' title="bbox 341 4514 1485 4581; baseline -0.003 -12"><span class='ocrx_word' id='word_1_350' title='bbox 341 4518 409 4569; x_wconf 79' lang='lat' dir='ltr'><strong>r&#39;dm.</strong></span> <span class='ocrx_word' id='word_1_351' title='bbox 420 4514 556 4570; x_wconf 88' lang='lat' dir='ltr'><strong>Juristen’</strong></span> <span class='ocrx_word' id='word_1_352' title='bbox 573 4518 603 4567; x_wconf 89' lang='lat' dir='ltr'><strong>in</strong></span> <span class='ocrx_word' id='word_1_353' title='bbox 621 4516 692 4567; x_wconf 88' lang='lat' dir='ltr'><strong>libro</strong></span> <span class='ocrx_word' id='word_1_354' title='bbox 704 4514 857 4567; x_wconf 75' lang='lat' dir='ltr'><strong>‘Vorsuche</strong></span> <span class='ocrx_word' id='word_1_355' title='bbox 870 4530 894 4567; x_wconf 79' lang='lat' dir='ltr'><strong>a.</strong></span> <span class='ocrx_word' id='word_1_356' title='bbox 906 4514 1000 4566; x_wconf 81' lang='lat' dir='ltr'><strong>Kritik</strong></span> <span class='ocrx_word' id='word_1_357' title='bbox 1012 4532 1038 4567; x_wconf 88' lang='lat' dir='ltr'><strong>n.</strong></span> <span class='ocrx_word' id='word_1_358' title='bbox 1053 4516 1213 4581; x_wconf 76' lang='lat' dir='ltr'><strong>Anslsgung</strong></span> <span class='ocrx_word' id='word_1_359' title='bbox 1224 4516 1274 4567; x_wconf 83' lang='lat' dir='ltr'><strong>der</strong></span> <span class='ocrx_word' id='word_1_360' title='bbox 1285 4519 1355 4570; x_wconf 71' lang='lat' dir='ltr'><strong>rom.</strong></span> <span class='ocrx_word' id='word_1_361' title='bbox 1367 4515 1485 4568; x_wconf 83' lang='lat' dir='ltr'><strong>Rechts·</strong></span> 
     </span>
     <span class='ocr_line' id='line_1_39' title="bbox 342 4600 638 4670; baseline -0.003 -18"><span class='ocrx_word' id='word_1_362' title='bbox 342 4600 465 4667; x_wconf 83' lang='lat' dir='ltr'><strong>quellen&#39;</strong></span> <span class='ocrx_word' id='word_1_363' title='bbox 484 4618 509 4670; x_wconf 86' lang='lat' dir='ltr'><strong>p.</strong></span> <span class='ocrx_word' id='word_1_364' title='bbox 528 4604 578 4653; x_wconf 74' lang='lat'><strong>203</strong></span> <span class='ocrx_word' id='word_1_365' title='bbox 598 4616 638 4665; x_wconf 88' lang='lat' dir='ltr'><strong>sq.</strong></span> 
     </span>
    </p>
   </div>
   <div class='ocr_carea' id='block_1_7' title="bbox 0 0 1710 5409">
    <p class='ocr_par' dir='ltr' id='par_1_7' title="bbox 0 0 1710 5409">
     <span class='ocr_line' id='line_1_40' title="bbox 0 0 1710 5409; baseline 0 0"><span class='ocrx_word' id='word_1_366' title='bbox 0 0 1710 5409; x_wconf 95' lang='lat' dir='ltr'><strong> </strong></span> 
     </span>
    </p>
   </div>
  </div>
 </body>
</html>
