3409 5409
342 470 385 535 46
765 485 879 533 cucur
900 484 1066 533 rnsrrvn.

344 640 525 705 obtundam
541 637 664 705 diutins
673 687 683 721 ‚
699 638 765 703 iam
786 638 919 705 conficit
937 660 1006 703 rem
1026 660 1128 703 unum
1143 636 1243 704 Gellii
1263 638 1530 703 testimonium

343 742 504 808 immerito
526 740 712 826 neglectum
727 740 779 805 XI
797 740 854 822 18,
869 740 990 805 9-11:
1013 740 1072 806 ubi
1093 739 1262 805 manifesti
1281 740 1362 805 furti
1382 760 1528 826 poena

342 865 385 907 ex
399 842 472 929 lege
486 851 667 909 memorata
680 842 789 929 pergit
804 845 865 905 ‘Eo
879 862 994 921 quoque
1008 862 1087 920 quoe
1095 862 1168 923 per
1181 848 1327 906 lancem
1342 848 1526 905 licium-

342 966 409 1024 que
423 956 584 1026 concept
589 966 609 1008 a
623 954 726 1021 essent,
735 948 864 1023 proinde
875 963 914 1007 oo
928 949 955 1007 si
967 946 1251 1024 rrorrnifestosorent²
1264 948 1527 1008 ouuicaoemm

342 1050 403 1132 (so.
426 1048 551 1133 Xviri).
575 1084 610 1093 —
634 1045 812 1110 Sed'ounc
831 1066 851 1108 α
871 1052 936 1124 leue
956 1052 1010 1109 illo
1031 1050 1225 1109 decemuirali
1248 1050 1409 1111 duceeeum
1445 1056 1520 1109 est.

341 1153 419 1214 llam
433 1155 462 1213 si
474 1156 527 1228 qui
539 1169 630 1227 cuper
644 1150 804 1223 manifesto
815 1150 902 1223 furto
915 1152 982 1211 iure
995 1160 1023 1210 et
1036 1151 1143 1212 ordine
1157 1153 1296 1227 experiri
1308 1152 1389 1224 velit,
1409 1153 1521 1210 acub

222 1302 227 1315 .
342 1257 373 1315 io
389 1254 592 1331 quadruplum
607 1255 699 1313 datur
716 1299 723 1312 .
741 1298 748 1311 .
767 1300 774 1315 .
804 1254 917 1312 Furti
928 1257 1114 1331 concepti,
1135 1257 1220 1313 item
1239 1253 1359 1313 oblati
1378 1254 1522 1328 tripli

339 1360 551 1433 poenoest!
590 1351 632 1418 of.
650 1350 782 1416 Paullus
800 1348 890 1415 Sont.
907 1349 1009 1432 1131,
1027 1350 1077 1415 14.
1114 1350 1226 1417 Redeo
1247 1350 1516 1435 igiturineam

342 1455 539 1521 sententiam
554 1476 637 1542 qnae
653 1462 729 1519 anto
744 1451 867 1517 Gaium
881 1453 1051 1519 inventum
1069 1452 1172 1520 valuit
1191 1474 1353 1540 quamque
1373 1463 1514 1517 eontra

342 1555 652 1623 Gaium‘servarunt
667 1575 742 1619 oum
762 1552 819 1619 alii
840 1562 910 1618 tum
930 1554 1128 1622 Hauboldus
1149 1564 1183 1620 et
1196 1536 1510 1620 Mithlenbruchius

341 1660 376 1722 in
390 1657 477 1724 notis
494 1657 537 1723 ad
552 1657 723 1723 Heineooii
738 1656 852 1743 Antiq.
868 1677 949 1722 rom.
966 1657 1143 1744 iurisprud.
1161 1655 1396 1721 illustrantium
1410 1679 1507 1742 syn-

341 1769 453 1845 tagma
467 1758 517 1825 IV
535 1762 551 1823 l
568 1764 588 1841 ς
603 1760 706 1847 22¹(p.
723 1758 787 1823 610
801 1757 854 1823 ed.
870 1758 1001 1845 Mihi).
1039 1760 1110 1823 Iam
1124 1759 1219 1825 vides
1235 1757 1334 1824 valde
1348 1759 1506 1844 infringi

341 1860 406 1926 Gai
421 1860 535 1927 fidem:
553 1861 610 1947 qui
621 1860 692 1925 XII
704 1857 826 1925 tabulis
842 1860 987 1925 tribuere
1001 1884 1068 1927 non
1082 1862 1208 1927 veritus
1225 1860 1269 1924 sit
1283 1861 1372 1947 quod
1387 1861 1502 1927 serio·

341 1963 386 2027 ris
401 1963 557 2049 temporis
572 1983 634 2027 usu
648 1959 872 2026 introductum
884 1971 945 2026 est.
969 1962 1075 2043 Quem
1085 1984 1181 2027 usum
1192 1960 1349 2026 seriorem
1361 1971 1505 2048 spectat

342 2063 596 2131 etiamdefinitio
607 2058 927 2143 111186‘Conoeptum
936 2067 1054 2140 furtum
1065 2069 1177 2129 dicitur
1187 2070 1351 2144 cumopud
1360 2071 1500 2143 aliquem

342 2170 495 2231 testibus
512 2171 779 2245 praesentibus
796 2168 913 2241 furtiuo
927 2188 976 2231 res
990 2174 1124 2245 quaesita
1138 2180 1167 2231 et
1185 2174 1304 2231 moena
1317 2175 1378 2231 est’
1393 2204 1437 2215 -
1451 2178 1500 2233 ut

341 2269 426 2335 bene
445 2268 573 2335 monuit
593 2266 721 2333 Puehta
740 2268 822 2334 Inst.
846 2266 900 2333 III
920 2290 951 2354 p.
976 2269 1042 2350 122
1057 2270 1092 2354 (ξ
1105 2268 1198 2352 211)1
1221 2270 1373 2356 primitus
1399 2269 1497 2333 enim

341 2382 535 2457 conceptum
554 2370 679 2437 furtum
700 2369 791 2435 aliud
811 2391 877 2435 non
897 2380 969 2435 erat
988 2370 1052 2434 nisi
1073 2370 1161 2456 quod
1176 2370 1270 2435 lance
1291 2380 1325 2436 et
1345 2369 1422 2435 licio
1443 2394 1496 2436 ex

342 2470 414 2558 lege
429 2474 665 2560 conciperetur.

425 2576 518 2641 Inter
532 2584 634 2640 testes
650 2584 821 2663 suspectos
837 2574 937 2639 etiam
952 2584 1147 2661 personatus
1171 2574 1338 2640 Porcius
1358 2574 1493 2642 Latro

340 2676 511 2743 habendus
526 2677 673 2743 videtur:
696 2678 752 2764 qui
774 2676 864 2763 quod
882 2676 917 2741 in
936 2676 1173 2742 declamatione
1192 2678 1227 2741 in
1248 2676 1423 2742 Catilinam
1447 2679 1493 2743 19

340 2780 467 2866 profert
487 2786 628 2858 ‘primum
648 2782 720 2842 XII
738 2784 845 2845 tabulis
864 2790 984 2844 cautum
1003 2778 1066 2843 eise
1087 2785 1289 2857 coenomimuo
1312 2800 1350 2843 ne
1369 2788 1436 2859 quis
1455 2786 1491 2844 in
1580 2809 1586 2818 ·

341 2887 414 2947 urbe
427 2892 526 2947 coetus
540 2892 698 2947 nocturnos
712 2888 859 2959 ooitoret’
877 2881 1065 2967 (1111127),
1083 2880 1124 2947 de
1139 2903 1177 2947 eo
1193 2904 1258 2947 non
1273 2882 1378 2967 magis
1393 2882 1490 2969 quid·
1545 2954 1552 2962 ‚

341 3004 441 3071 quam
456 2982 588 3049 aliunde
603 2994 806 3070 compertum
822 2994 871 3049 est
885 3006 984 3071 quam
998 2982 1039 3049 de
1055 2981 1200 3050 Gabinia
1213 2983 1284 3069 loge
1304 3007 1370 3070 qua
1392 2983 1490 3049 addit

341 3083 583 3173 promulgatum
605 3108 678 3151 esse
699 3094 771 3166 ‘qur‘
788 3094 927 3151 coitiones
946 3094 1025 3152 ullos
1044 3092 1249 3152 clandestinos
1267 3093 1298 3151 in
1317 3091 1390 3151 urle
1409 3106 1488 3150 coo-

338 3194 482 3265 novisset,
499 3208 580 3251 more
595 3195 743 3253 motuum
757 3196 885 3269 capitoli
896 3196 1044 3269 supplicio
1057 3193 1269 3254 multaretur’:
1284 3188 1337 3253 oui
1351 3188 1488 3276 quidem

342 3288 408 3374 legi
423 3311 443 3353 a
457 3288 695 3356 recentioribus
711 3290 836 3376 aliquot
851 3291 940 3357 lOtis
963 3290 1062 3356 fidem
1083 3290 1235 3376 derogari
1250 3289 1358 3355 video.
1369 3292 1392 3373 ¹)
1422 3288 1487 3353 Pa·

341 3414 414 3457 rum
429 3402 540 3457 autem
560 3391 642 3456 illud
664 3392 812 3460 firmatur
826 3392 965 3459 Scholiis
982 3393 1150 3459 Iuvenalis
1171 3394 1213 3457 ad
1229 3404 1291 3459 sat.
1307 3393 1344 3475 2,
1359 3393 1381 3457 3
1397 3402 1488 3456 ‘nom

341 3516 433 3560 socru
447 3499 659 3561 Bacchanalia
680 3518 720 3559 eoo
733 3503 759 3560 is
775 3496 825 3580 (lis
840 3494 1000 3582 Sangall.)
1016 3501 1212 3561 condemnato
1226 3509 1307 3577 sunt,
1328 3516 1395 3559 oum
1407 3491 1486 3576 pro-⁴

341 3600 440 3661 bolum
454 3608 529 3663 esset
541 3606 691 3663 senatui
704 3604 921 3663 honestissimos
931 3602 1065 3674 seminus
1078 3602 1122 3660 ud
1134 3602 1278 3663 Stimulae
1288 3602 1371 3663 Deae
1385 3605 1487 3662 locum

338 3702 430 3776 foede
444 3704 614 3765 adulterari
619 3708 648 3775 ',·
662 3701 720 3766 nbi
735 3723 795 3787 pro
812 3709 870 3764 ‘ex
884 3707 926 3763 is’
942 3721 1008 3765 non
1022 3720 1097 3763 cum
1111 3700 1246 3765 Ouiaeio
1265 3723 1363 3787 quem
1378 3701 1484 3787 seqni-

341 3810 396 3867 tur
409 3801 597 3867 Dirksenus
612 3826 645 3889 p.
662 3804 723 3867 746
739 3810 772 3866 ‘e
785 3806 857 3865 XII
861 3811 871 3839 '
887 3802 945 3866 sed
961 3804 1017 3865 ‘ex
1030 3806 1093 3865 SC'
1110 3824 1184 3868 eum
1200 3803 1237 3868 P.
1253 3802 1392 3868 Pithoeo
1407 3804 1485 3867 scri·

340 3901 485 3970 bendum
500 3925 573 3969 asse
588 3904 769 3971 sententiae
783 3925 887 3969 nexus
907 3904 1095 3990 persuadet
1132 3904 1204 3970 Iam
1223 3905 1312 3971 unde
1331 3928 1393 3971 sua
1405 3905 1484 3969 hau-

340 4192 462 4251 ὲλπίζειν
481 4195 616 4262 εὑρήεειν,
635 4192 714 4249 οὕτω
732 4194 835 4264 φωρᾶν
853 4194 913 4249 κτλ.
938 4192 1013 4250 Idem
1030 4196 1059 4251 in
1078 4197 1192 4268 antiqno
1209 4188 1406 4255 Germanorum
1424 4198 1483 4253 lure

341 4298 501 4349 comparere
519 4285 624 4335 monuit
641 4286 698 4335 Iac.
713 4282 860 4335 Grimmius
871 4284 900 4335 in
912 4284 1012 4335 Annal.
1030 4287 1081 4340 iur.
1095 4288 1194 4337 seiont.
1206 4288 1304 4342 histor.
1315 4290 1344 4339 11
1356 4306 1382 4355 p.
1396 4293 1426 4340 91
1440 4303 1483 4351 sq.

341 4373 370 4419 et
387 4370 479 4434 Antiq.
498 4370 549 4419 iur.
570 4370 661 4419 Germ.
681 4372 705 4433 ρ’.
725 4370 775 4420 640
792 4384 852 4435 sqq.

341 4540 391 4597 der
407 4544 521 4595 Rttmor'
539 4557 566 4609 p.
586 4528 676 4609 73111.
712 4543 826 4594 Reiniue
844 4546 891 4596 lus
910 4546 985 4593 crim.
1004 4543 1082 4595 Rom.
1101 4563 1128 4613 p.
1146 4544 1205 4601 rte.
