3409 5409
429 540 476 589 na
500 540 686 590 nvonncru
709 539 924 590 rsavnsavu
945 541 1118 591 urucam.
1330 531 1349 595 7

188 695 348 777 timerent,
356 704 414 760 aut
424 702 641 763 commutatae
654 704 711 761 aut
722 694 890 762 oblivione
900 696 1109 765 oblitteratae
1120 709 1240 765 essent.
1251 698 1348 765 Unde

161 853 164 858 .
189 796 285 885 quod
307 808 401 864 sexto
423 796 553 865 saeculo
574 798 769 885 interpretes
785 797 968 865 extiterunt
987 798 1069 886 legis
1084 799 1162 866 Sex.
1177 799 1293 867 Aelius
1315 812 1349 867 et

190 900 236 965 L.
260 900 403 982 Acilius,
426 922 530 989 aeque
551 900 736 988 explicatur
765 910 866 989 atque
891 901 980 989 quod
1004 902 1110 967 eidem
1133 901 1174 968 de
1195 903 1348 970 vocabuli

191 1010 331 1068 ‘lessus'
354 1003 487 1069 notione
506 1003 632 1069 frustra
653 1004 940 1089 quaesiverunt¹),
961 1005 1047 1069 sicut
1071 1014 1187 1091 postea
1209 1004 1253 1071 ab
1273 1004 1348 1070 aliis

189 1105 382 1193 quaesitum
401 1117 452 1173 est
475 1104 515 1171 de
531 1104 708 1173 Sanatibus
729 1115 762 1172 et
777 1106 922 1187 Forctis,
938 1106 980 1173 de
995 1112 1112 1187 ‘podem
1127 1113 1232 1173 struit’
1248 1108 1345 1195 otest)

191 1206 331 1275 Scilicet
352 1206 394 1273 ad
422 1207 529 1274 sontes
552 1218 585 1274 et
606 1208 814 1291 indagandos
839 1218 873 1274 et
893 1208 1135 1301 exhauriendos
1162 1212 1250 1277 omni
1277 1220 1347 1275 tum

191 1309 385 1376 adiumento
400 1310 575 1377 destitutos
590 1309 693 1377 luisse
708 1310 875 1377 Romanos
897 1310 979 1377 satis
994 1310 1095 1379 etiam
1114 1311 1248 1379 aliunde
1262 1334 1346 1379 com-

191 1412 352 1501 perimus.

283 1512 435 1581 Oetemm
460 1514 509 1580 illi
529 1514 742 1582 iureconsulti
762 1537 863 1603 opera
883 1538 945 1582 sua
965 1516 1032 1603 legi
1056 1516 1287 1604 explanandae
1313 1529 1346 1584 et

192 1639 270 1683 curn
285 1617 491 1704 provectiore
510 1618 590 1683 iuris
613 1617 750 1683 scientia
765 1618 991 1684 conciliandae
1004 1620 1174 1706 impertita
1194 1620 1257 1685 etsi
1272 1642 1345 1705 gra-

192 1728 264 1785 tum
280 1718 388 1785 facere
402 1718 523 1807 populo
538 1720 590 1784 ius
605 1720 773 1785 exercenti
789 1720 886 1786 enixe
906 1721 1118 1805 studuerunt,
1139 1731 1249 1787 tamen
1264 1731 1343 1786 tem-

192 1821 284 1908 poris
300 1822 457 1910 iniquitas
474 1821 596 1903 effecit,
617 1822 740 1888 utiam
759 1824 823 1909 ipsi
846 1824 956 1909 potius
978 1822 1045 1909 legi
1067 1846 1162 1911 quam
1184 1824 1348 1889 communi

192 1923 269 1989 usui
284 1923 491 1989 consuluisse
505 1925 709 1991 viderentur.
733 1923 884 2013 Namque
898 1947 1110 1992 succrescens
1127 1928 1163 1991 in
1178 1925 1249 1991 dies
1263 1926 1348 1991 iuris

192 2027 333 2093 materia
346 2048 422 2093 cum
436 2026 534 2093 nimis
549 2034 774 2094 coarctaretur
788 2028 887 2093 certis
901 2026 984 2114 legis
1000 2038 1034 2095 et
1047 2028 1214 2095 actionum
1225 2028 1347 2096 finibus

193 2130 364 2212 restricta,
391 2126 468 2194 inde
488 2152 509 2197 a
529 2130 667 2217 septimo
694 2128 825 2195 sacculo
853 2130 1048 2218 supergredi
1071 2130 1152 2197 fines
1182 2140 1349 2219 tamquam

195 2231 301 2297 amnis
318 2230 481 2296 inundans
498 2231 617 2318 coepit·
646 2230 751 2296 Simul
766 2242 864 2297 aucta
877 2233 1038 2321 novisque
1052 2232 1172 2297 studiis
1186 2234 1349 2300 instructa

195 2332 407 2419 prudentium
430 2331 580 2399 doctrina
598 2330 718 2398 laetius
740 2332 984 2401 efflorescebat:
1012 2357 1097 2421 quae
1117 2356 1237 2401 novam
1258 2335 1349 2400 viam

196 2454 240 2497 ex
251 2432 453 2499 Graecorum
468 2434 652 2499 imitatione
666 2434 815 2519 ingressa-
824 2434 1010 2502 absolutam
1025 2459 1065 2503 ac
1079 2456 1138 2523 per
1153 2447 1348 2502 restantem

195 2534 278 2600 iuris
299 2535 406 2602 civilis
433 2534 688 2622 descriptionem
713 2534 876 2602 conficere
898 2560 997 2626 quam
1022 2537 1201 2604 subsistere
1224 2538 1258 2601 in
1285 2560 1349 2603 usu

197 2637 357 2703 maiorum
378 2638 562 2704 inveterato
584 2637 739 2705 malebat.
747 2637 774 2725 ³)
804 2638 922 2726 ltaque
940 2638 1013 2726 lege
1032 2639 1178 2705 Aebutia
1197 2638 1348 2705 sublatae

197 2750 275 2805 sunt
290 2739 371 2825 legis
388 2741 551 2806 actiones:
569 2762 634 2827 qua
648 2738 719 2826 lege
734 2738 803 2805 lata
817 2746 958 2807 ‘omnem
975 2741 1066 2807 illam
1077 2740 1148 2806 XII
1161 2740 1348 2807 tabularum

197 2843 426 2930 antiquitatem
440 2842 506 2907 nisi
517 2842 552 2907 in
566 2841 650 2928 legis
661 2842 845 2909 actionibus
857 2842 1144 2909 centumviralium
1155 2866 1346 2913 caussarum

198 2944 403 3031 consopitam
413 2951 496 3011 esse’
508 2945 630 3031 gaudet
641 2943 883 3011 iureconsultus
895 2944 984 3033 apud
996 2944 1142 3011 Gellium
1151 2944 1194 3010 N.
1206 2945 1248 3011 A.
1262 2944 1347 3011 XVI

200 3048 249 3129 10,
265 3047 296 3113 8.
304 3047 331 3132 ⁴)
362 3047 446 3113 Turn
468 3044 533 3113 alia
553 3045 657 3113 multa
671 3070 714 3112 ex
729 3046 800 3133 lege
815 3068 889 3113 curn
904 3047 971 3111 iam
989 3047 1097 3112 minus
1112 3046 1349 3133 responderent

198 3148 330 3215 mutatis
347 3149 504 3236 temporie
519 3149 721 3231 rationibus,
737 3148 923 3217 necessario
939 3148 994 3216 vel
1009 3149 1192 3227 deserenda
1206 3147 1261 3214 vel
1276 3170 1345 3215 cor·

143 3252 145 3255 ’
198 3250 334 3337 rigenda
349 3250 495 3317 suerunt:
511 3260 550 3316 ut
563 3251 708 3318 reductis
724 3272 763 3317 ea
777 3260 887 3318 aetate
901 3251 1033 3318 assibus
1045 3252 1256 3338 pecuniariae
1269 3272 1345 3337 poe-

199 3376 259 3419 nae
278 3352 406 3419 iniuriis
428 3362 572 3419 statutae
594 3354 663 3419 fere
683 3356 798 3419 inanes
825 3375 865 3418 ac
885 3354 1057 3432 ridiculae,
1073 3353 1223 3419 redditae
1249 3362 1342 3418 eunt:

203 3478 266 3544 qua
286 3455 328 3519 de
348 3464 482 3520 renota
503 3464 578 3520 sunt
599 3478 683 3543 quae
710 3454 751 3519 de
772 3455 809 3519 L.
832 3454 971 3520 Veratio
992 3456 1156 3521 Antistius
1177 3454 1291 3520 Labeo
1311 3455 1347 3518 in

200 3557 290 3623 libris
313 3556 356 3621 ad
377 3554 448 3621 Xll
470 3556 599 3623 tabulas
622 3556 818 3644 conscriptis
843 3557 947 3622 refert
973 3556 1173 3643 transcripta
1198 3577 1218 3619 a
1238 3552 1346 3622 Gellio

202 3658 267 3725 XX
284 3660 313 3742 1,
332 3660 371 3727 13
387 3681 436 3747 sq.
444 3660 471 3745 ⁵)
503 3658 577 3743 Quo
592 3658 716 3725 lactum
732 3668 794 3741 est,
809 3670 847 3725 ut
861 3656 1062 3745 pedetentim
1078 3656 1143 3723 alia
1157 3680 1195 3721 ac
1210 3680 1297 3723 nova
1310 3658 1346 3720 in

266 3918 285 3982 ¹)
306 3916 405 3970 Cicero
424 3918 458 3969 de
477 3918 532 3983 leg.
552 3918 581 3969 11
600 3920 641 3983 13,
660 3918 702 3968 59.

265 4003 287 4067 ²)
307 4005 344 4056 cf.
363 4004 440 4055 rest.
459 4020 485 4072 p.
504 4006 562 4055 311.
582 4019 607 4070 p.
626 4006 685 4057 ³10.

181 4150 182 4154 Ἰ
265 4088 287 4154 ⁸)
307 4090 343 4141 cl.
362 4088 546 4141 Mommscnns
564 4089 599 4139 H.
619 4088 651 4139 R.
671 4089 699 4139 ll
717 4105 744 4155 p.
761 4088 812 4139 419
831 4086 873 4139 ed.
891 4090 916 4139 2.

264 4173 286 4242 4)
307 4176 344 4227 cl.
364 4175 451 4226 Gaius
469 4174 536 4225 Inst.
550 4174 588 4225 1v
606 4176 640 4226 10
657 4188 699 4239 sq.
719 4174 797 4225 culus
816 4188 955 4225 consensu
972 4176 1047 4223 certo
1067 4172 1189 4223 efficitur
1207 4171 1296 4226 oleum
1316 4175 1344 4221 et

204 4276 311 4329 operam
330 4260 483 4327 perdidisse
503 4260 550 4325 qui
567 4259 653 4310 talem
672 4261 729 4311 vim
747 4274 802 4309 non
821 4273 883 4309 esee
902 4261 931 4309 et
942 4257 1013 4323 legis
1025 4256 1163 4307 Aebutiae
1182 4262 1211 4307 et
1224 4256 1346 4308 Gellinni

203 4345 350 4399 testimonii
368 4344 462 4396 multia
479 4344 573 4396 verbis
590 4345 732 4397 contendit
748 4345 789 4396 Io.
801 4344 863 4396 Nic.
877 4344 1016 4394 Funccius
1034 4342 1068 4392 de
1086 4340 1149 4408 lege
1167 4341 1287 4393 Aebutia
1306 4342 1344 4393 le-

204 4448 260 4498 gum
279 4430 455 4483 x11tebulis
479 4446 534 4481 non
552 4430 713 4496 derogante.
741 4429 858 4480 Rintelil
877 4429 952 4480 1744.
974 4429 1000 4477 4.
1036 4426 1095 4479 Cet
1113 4426 1168 4480 rid.
1186 4424 1345 4479 Rudorifius
1387 4490 1391 4497 ι

204 4518 229 4567 in
245 4516 317 4567 Hist.
338 4518 388 4567 iur.
407 4532 473 4569 rom.
491 4518 506 4569 1
523 4530 549 4581 p.
570 4518 627 4567 104.
647 4516 703 4567 100.

270 4600 291 4669 ⁵)
311 4601 419 4653 Abusus
438 4604 481 4652 est
499 4600 551 4651 bac
569 4598 781 4652 narratiuncula
797 4597 959 4649 Huscblrius
974 4597 1004 4647 in
1023 4597 1095 4649 libro
1113 4598 1222 4650 ‘Gaius’
1239 4615 1267 4665 p.
1287 4599 1345 4661 117,
