3409 5409
702 560 842 609 suavus
864 526 901 609 ιι.

785 716 816 780 3.

316 866 374 913 CVI
396 848 637 915 TESTIMONIVM
660 868 850 933 DEFVERIT,
875 870 905 916 IS
929 870 1065 919 auarus
1088 870 1217 919 DIEBVS
1233 871 1279 919 OB
1294 871 1375 920 POR-

232 966 304 1017 TVM
326 967 588 1018 osvauvlmrvrs
610 970 680 1019 ῙΤΟ.

234 1229 307 1294 apud
324 1230 441 1281 maiores
459 1234 569 1281 nostros
585 1231 610 1281 is
627 1228 788 1294 dicebatur,
807 1246 888 1296 quem
906 1246 979 1283 nuuc
997 1210 1172 1299 peregrinum
1184 1230 1312 1283 dicimus.
1330 1234 1376 1285 lu·

232 1312 329 1363 dicant
340 1313 483 1365 duodecim
495 1314 609 1365 tabulae
623 1320 694 1366 ‘aut
706 1342 737 1352 —
751 1316 868 1367 noster
893 1316 995 1383 Festus
1008 1332 1035 1383 p.
1048 1318 1098 1367 314
1110 1318 1148 1368 M.
1160 1314 1290 1369 ‘Status
1304 1315 1377 1369 dies

233 1396 306 1461 (cum
329 1398 420 1464 boste)
444 1404 561 1451 uocatur
587 1400 634 1465 qui
656 1400 743 1451 iudici
766 1416 854 1452 causa
882 1405 924 1451 est
947 1402 1114 1452 constitutus
1136 1416 1198 1452 cum
1220 1404 1376 1469 peregrino.

233 1484 302 1534 Eius
319 1482 391 1535 enim
409 1484 521 1548 generis
545 1484 722 1551 abantiquis
743 1485 838 1537 hostes
863 1484 1090 1551 appellabantur,
1119 1486 1191 1551 quod
1213 1492 1294 1537 erant
1314 1489 1377 1555 pari

232 1568 292 1618 iure
312 1584 372 1619 cam
390 1568 492 1634 populo
504 1570 628 1621 Romano
647 1575 731 1635 atque
748 1570 855 1621 boatire
868 1570 1022 1636 ponebatur
1035 1587 1083 1636 pro
1097 1576 1238 1638 aequare.’
1263 1572 1298 1623 ol.
1311 1571 1376 1624 Pla·

234 1654 290 1705 cidi
309 1653 352 1705 Gi.
371 1669 397 1719 p.
409 1655 460 1705 436
472 1654 509 1704 bl.
527 1670 553 1705 u.
572 1656 690 1721 agoniae
709 1694 716 1709 .
736 1693 742 1704 .
761 1655 889 1719 ‘Antiqui
909 1656 994 1706 etiam
1011 1657 1173 1723 peregrinos
1191 1661 1219 1708 et
1237 1658 1299 1723 pari
1316 1660 1376 1710 iure

233 1739 362 1789 uiuentes
380 1738 474 1790 hostes
493 1739 644 1790 dicebant!
680 1739 796 1791 Plautus
815 1738 895 1791 Ourc.
909 1740 965 1805 11,
983 1742 1000 1791 4
1018 1742 1055 1792 ‘si
1073 1741 1165 1793 media
1182 1758 1236 1793 nex
1255 1744 1299 1794 er't
1316 1744 1377 1795 siue

234 1827 277 1873 est
288 1822 512 1891 primanespera,
526 1823 561 1875 Si
573 1828 689 1875 statua
703 1824 881 1877 condictus
894 1840 967 1875 cum
979 1825 1076 1877 hoste
1089 1827 1279 1879 intercedit
1290 1828 1376 1890 dies,

233 1908 338 1959 Tamen
349 1913 393 1959 est
403 1908 542 1960 eundum.’
555 1910 591 1960 cf.
603 1908 712 1961 Gellius
721 1910 753 1961 N.
763 1909 868 1961 AXVI
876 1912 901 1972 4,
912 1912 937 1963 4.
967 1911 1001 1963 D.
1014 1912 1055 1976 50,
1066 1914 1106 1977 16,
1116 1914 1167 1965 234
1176 1920 1215 1979 pt.
1228 1913 1316 1965 (isius
1324 1912 1377 1966 l.II

234 1992 268 2043 ad
286 1992 376 2058 legem
393 1992 447 2047 ΧΠ
464 1995 622 2046 tabularum
702 1996 795 2058 ‘Quos
812 2010 863 2046 nos
881 1995 975 2047 hostes
994 1996 1181 2062 appellamus,
1202 2012 1249 2050 eos
1266 2002 1377 2050 ueteres

233 2077 389 2143 perduelles
411 2078 608 2145 appellabant,
630 2096 681 2147 per
704 2096 765 2131 eam
788 2079 973 2134 adiectionem
995 2080 1166 2149 indicantes,
1192 2098 1254 2135 cum
1276 2082 1377 2149 quibus

232 2161 336 2215 bellum
349 2166 442 2214 esset!
476 2164 617 2231 Festusp.
631 2164 731 2218 27311.
749 2164 834 2217 ‘Reus
846 2180 920 2217 nunc
935 2166 1038 2217 dicitur
1055 2170 1102 2233 qui
1119 2183 1233 2220 causam
1251 2168 1329 2233 dicit,
1348 2172 1377 2219 et

233 2248 300 2297 item
319 2248 367 2312 qni
385 2246 450 2313 quid
467 2249 594 2315 promisit
611 2250 792 2316 spoponditue
810 2266 845 2301 ac
863 2250 953 2301 debet.
989 2249 1026 2301 At
1039 2251 1137 2303 Gallus
1150 2252 1246 2305 Aelius
1264 2252 1376 2304 librali

233 2330 468 2397 significationum
485 2334 631 2386 uerborum
649 2350 722 2399 qnae
740 2334 776 2386 ad
793 2335 836 2387 ius
854 2337 998 2401 pertinent
1020 2338 1072 2387 ait:
1096 2342 1175 2389 ‘reus
1195 2337 1297 2403 estqui
1315 2352 1376 2389 cum

235 2417 323 2469 altero
339 2417 417 2469 litem
436 2422 621 2471 contestatam
639 2420 737 2484 habet,
755 2420 815 2471 siue
832 2422 857 2473 is
871 2421 929 2487 egit
941 2422 1000 2472 siue
1014 2436 1075 2473 cnm
1088 2436 1120 2473 eo
1133 2426 1227 2473 actum
1239 2427 1292 2475 est’
1306 2460 1313 2473 .
1327 2460 1334 2476 .
1348 2459 1354 2472 .
1369 2460 1375 2473 .

233 2502 270 2553 At
287 2501 388 2569 Capito
406 2502 504 2555 Ateius
521 2504 551 2554 in
568 2503 665 2556 eadem
683 2503 792 2570 quidem
810 2506 939 2571 opinione
959 2508 1015 2567 est,
1039 2506 1088 2557 aed
1112 2506 1236 2573 exemplo
1259 2506 1377 2559 adiuuat

233 2587 505 2653 interpretationem:
522 2589 611 2641 Numa
630 2588 710 2653 (Nam
732 2589 864 2641 Turnebus
882 2590 952 2641 Ado.
970 2594 1010 2648 17,
1029 2590 1057 2656 8)
1080 2593 1108 2641 in
1132 2592 1254 2643 secunda
1278 2592 1376 2643 tabula

232 2672 355 2723 secunda
372 2673 435 2739 lege
454 2672 527 2737 (fort.
546 2676 692 2739 tepentium:
712 2674 742 2724 in
765 2673 890 2726 secunda
905 2676 968 2728 tab.
987 2674 1041 2725 XII
1059 2675 1141 2742 legis)
1163 2673 1201 2741 [in
1219 2675 1286 2743 qua]
1308 2678 1375 2728 seri-

232 2761 310 2823 ptum
333 2762 389 2809 est:
414 2758 556 2821 ‘Quid..
572 2760 676 2810 .’·Hic
698 2763 813 2826 uterque
842 2763 920 2813 actor
942 2775 1060 2825 reusque
1082 2761 1111 2811 iu
1134 2761 1238 2823 indipio
1264 2762 1306 2813 rei
1327 2778 1376 2813 uo-

233 2845 351 2893 cantur!
385 2844 420 2894 D.
437 2844 467 2907 2,
486 2846 531 2907 11,
551 2848 567 2896 3
584 2844 599 2906 ἕ
617 2846 643 2895 2.
666 2843 803 2910 leianus
821 2844 838 2895 l.
857 2845 972 2898 LXXIV
991 2837 1030 2897 ad'
1045 2846 1173 2899 edictum.
1190 2846 1237 2898 ‘Si
1255 2846 1316 2911 quis
1334 2846 1375 2897 iu·

233 2927 307 2978 dicio
329 2942 359 2979 se
383 2928 445 2979 sisti
466 2930 626 2994 promiserit
648 2932 676 2979 et
697 2929 859 2981 ualetudine
882 2928 928 2981 uel
950 2934 1117 3002 tempestate
1141 2932 1186 2983 uel
1205 2932 1235 2983 ui
1256 2932 1376 2983 fluminis

233 3012 388 3079 prohibitus
406 3028 436 3065 se
455 3013 553 3065 sistere
571 3028 625 3065 non
642 3015 744 3079 possit,
764 3016 927 3079 exceptione
941 3014 1088 3067 adiuuatur
1101 3053 1107 3066 .
1122 3054 1149 3070 ..
1169 3022 1198 3069 et
1215 3017 1277 3068 ideo
1291 3017 1376 3069 etiam

232 3097 278 3148 lex
296 3097 350 3149 XII
368 3096 537 3157 tabularum,
557 3098 582 3148 si
598 3098 682 3151 iudex
703 3099 750 3150 nel
774 3098 908 3151 alteruter
932 3116 965 3151 ex
983 3100 1174 3166 litigatoribus
1196 3102 1290 3153 morbo
1313 3116 1376 3152 son·

233 3183 289 3237 tico
301 3182 475 3249 impediatur,
487 3183 566 3235 iubet
578 3184 651 3234 diem
663 3183 760 3234 indicii
773 3198 835 3235 ease
848 3184 1004 3239 diffissum.’
1040 3186 1077 3237 cf.
1090 3187 1154 3253 Dig.
1167 3188 1209 3252 42,
1224 3189 1246 3247 1,
1260 3188 1300 3239 60.
1329 3186 1376 3237 Iu-

232 3268 325 3319 lianus
342 3268 362 3320 l.
379 3269 404 3318 V
421 3267 487 3333 Dig.
506 3268 681 3330 ‘Quaesitum
700 3272 755 3332 est,
774 3283 836 3319 cum
860 3270 932 3322 alter
950 3286 983 3321 ex
1001 3270 1190 3337 litigatoribus
1209 3272 1375 3323 febricitans

232 3352 409 3403 discessisset
425 3356 454 3403 et
470 3352 554 3403 iudex
572 3353 688 3405 absente
712 3370 744 3405 eo
767 3356 988 3419 pronuntiasset,
1014 3371 1049 3405 an
1072 3356 1132 3407 iura
1154 3356 1294 3407 uideretur
1315 3372 1376 3422 pro-

233 3437 386 3489 nuntiasse.
414 3434 580 3503 Respondit:
599 3438 709 3489 morbus
726 3439 850 3491 sonticus
870 3440 954 3491 etiam
972 3439 1067 3491 inuitis
1085 3439 1276 3505 litigatoribus
1289 3456 1324 3491 ac
1335 3442 1375 3491 iu·

233 3520 296 3573 dice
314 3520 386 3572 diem
405 3520 518 3573 differt!

300 3643 326 3694 3.
344 3640 446 3691 Festus
463 3657 490 3707 p.
502 3642 552 3693 2³3
564 3641 602 3692 Μ.
621 3641 768 3693 ‘Portum
786 3642 815 3692 in
832 3640 886 3692 XII
905 3658 953 3707 pro
972 3641 1051 3693 domo
1069 3643 1190 3709 positum
1208 3659 1302 3696 omnes
1314 3646 1375 3697 iere

233 3725 409 3776 consentiunt
428 3726 498 3775 ‘cui
519 3763 524 3774 .
544 3729 562 3779 .’
600 3725 642 3780 Id,
661 3743 687 3792 p.
711 3726 760 3777 375
782 3726 820 3777 Μ.
839 3726 1001 3792 ‘Vagtrlatio
1030 3728 1058 3777 iu
1081 3727 1100 3779 l.
1124 3728 1178 3778 XII
1201 3728 1375 3791 (tabularum

236 3808 297 3863 Vct.
312 3813 335 3859 1.
348 3809 378 3874 2)
397 3809 537 3875 significat
554 3810 743 3875 quaestionem
756 3810 959 3875 (questionam‘i
978 3812 1145 3864 Moram-senas
1163 3815 1189 3864 ia
1201 3814 1275 3865 Dior.
1294 3817 1376 3882 antip.

230 3896 353 3946 amentiae
366 3898 435 3946 1811
446 3912 474 3960 p.
489 3893 549 3960 166)
563 3910 624 3946 cum
637 3896 770 3947 conuitio:
790 3898 874 3946 ‘cui.
890 3900 908 3947 .’
944 3896 1053 3948 Placidi
1066 3896 1108 3949 Gl.
1121 3914 1147 3963 p.
1159 3899 1210 3949 492
1222 3898 1258 3949 M.
1278 3900 1373 3951 ‘Por-

231 3983 300 4030 tum
323 3981 430 4031 domum
456 3981 503 4032 uel
525 3981 649 4044 ianuam,
673 3980 810 4031 interdum
833 3982 950 4047 petitum
973 3982 1002 4045 (l.
1025 3982 1159 4049 porticum
1179 3986 1210 4037 cl.
1230 3984 1273 4037 Gl.
1292 3984 1330 4035 VI
1347 4001 1375 4051 p.

230 4065 282 4115 569
299 4064 337 4118 Μ.
355 4080 381 4115 ιι.
399 4064 510 4131 portal)

317 4342 345 4399 3.
369 4342 413 4395 aui
428 4354 483 4397 om.
507 4340 596 4397 Votic.
613 4344 731 4411 15191).
750 4344 818 4395 375.
875 4340 1012 4414 delegerit
1034 4341 1096 4396 Vol.
1115 4342 1373 4413 2731Ec1.princ.

230 4424 347 4483 Medici.
359 4442 387 4480 a.
400 4429 485 4481 1510.
499 4424 618 4481 deluerit
629 4424 766 4496 delegerit
786 4424 848 4480 Vnt.
865 4428 941 4480 1519
955 4426 991 4482 ib.
1047 4425 1089 4480 bis
1101 4425 1181 4481 Festi
1190 4427 1253 4482 cod.
1261 4444 1294 4498 p.
1309 4431 1383 4490 233„

230 4512 313 4566 certis
335 4508 399 4565 Vat.
415 4511 484 4575 duo,
499 4509 556 4566 Ed.
567 4512 664 4579 princ.
680 4525 710 4579 p.
728 4512 796 4563 375.
855 4511 950 4583 polum
970 4508 1151 4566 Victorianus
1179 4511 1215 4567 ab.
1281 4510 1375 4569 obuol-

230 4593 401 4668 gulationem
422 4594 478 4649 Ed.
491 4610 542 4666 pr.
