3409 5409
360 499 402 563 58
780 514 893 562 osrvr
916 490 1080 564 rsarsvn.

361 676 450 735 sitam
468 672 578 746 furtim
600 678 687 733 noctu
702 673 823 749 punisse
846 688 885 732 ae
909 675 1036 734 secuisse
1052 674 1163 749 puberi
1180 670 1253 735 XII
1269 675 1378 735 muniis
1397 677 1540 751 capital

361 783 430 839 erat
442 792 675 853 suspensumque
691 776 795 835 Cereri
813 778 946 837 necari
964 777 1144 837 iubebant
1161 779 1325 851 grauius
1345 793 1457 852 qnam
1480 780 1530 837 in

362 880 565 941 homicidio
589 880 833 939 earsuieium’:
859 885 929 939 tum
951 874 1098 940 dubitari
1123 898 1191 941 non
1216 876 1342 962 patitur
1359 873 1528 941 salviani

363 977 582 1045 Massiliensis
604 998 701 1063 quem
723 998 824 1062 supra
843 978 1012 1063 tetigimus
1032 977 1123 1042 loeus
1138 974 1179 1041 de
1193 977 1329 1062 gubern.
1344 977 1411 1042 Dei
1425 976 1527 1043 VIII

363 1087 443 1163 (non
457 1080 504 1169 V)
519 1078 554 1146 5:
573 1082 722 1156 ‘Interrtei
733 1086 812 1142 enim
827 1084 1032 1145 indemnatum
1046 1100 1250 1159 quemcumque
1263 1085 1408 1145 hominem
1420 1087 1523 1145 etiarm

363 1190 434 1249 XII
451 1188 620 1249 tabularum
642 1188 763 1247 demeto
783 1187 960 1248 uetuerunt.²
997 1183 1105 1265 Quem
1125 1183 1233 1249 losum
1259 1205 1301 1248 ne
1326 1184 1524 1271 inspexisse

363 1287 497 1375 quidem
513 1284 669 1351 videntur
685 1282 908 1351 Gothofredus
924 1287 958 1351 et
972 1286 1172 1369 Dimisimus,
1188 1308 1262 1352 oum
1277 1286 1331 1351 hie
1345 1286 1388 1351 ad
1402 1285 1520 1371 legem

364 1389 404 1454 de
419 1385 602 1475 privilegiis
618 1409 684 1453 non
698 1386 883 1471 irrogandis
894 1387 963 1472 (IX
976 1386 1008 1472 1)
1020 1386 1076 1453 ills
1092 1388 1134 1453 ad
1150 1410 1235 1471 eam,
1247 1411 1331 1475 quae
1346 1387 1521 1475 decapite

363 1491 445 1557 civis
467 1490 531 1555 nisi
553 1488 745 1555 centuriatis
766 1490 906 1556 comitiis
927 1491 1038 1576 rogari
1062 1500 1155 1556 vetat
1175 1490 1242 1577 (lx
1261 1492 1314 1577 2),
1336 1491 1518 1556 revocarit.

363 1593 483 1678 Agitur
499 1592 584 1656 enim
600 1590 705 1657 ibide
721 1590 1040 1677 Carthaginiensium
1056 1593 1215 1659 adversus
1228 1593 1293 1658 Dei
1309 1613 1422 1658 servos
1437 1613 1519 1657 orn-

363 1694 512 1775 delitate,
535 1715 617 1781 quos
637 1692 718 1759 dicit
738 1692 791 1759 vol
813 1694 957 1759 oeeisum
976 1694 1018 1759 iri
1039 1696 1082 1761 ab
1104 1693 1184 1775 illis,
1211 1696 1275 1759 nisi
1295 1694 1406 1760 obstet
1426 1692 1517 1777 legis

363 1795 512 1863 vetitum.
540 1800 787 1861 ‘Persecuiionem
802 1801 859 1861 hae
872 1801 990 1875 quidem
1001 1800 1100 1874 fuisse
1114 1818 1172 1863 non
1181 1808 1307 1877 putam,
1322 1805 1471 1877 quianon
1484 1807 1520 1861 et

364 1905 456 1965 marsi·
469 1909 547 1962 suni.
571 1901 718 1963 Latrones
731 1904 850 1978 quidem
865 1904 921 1964 hoe
932 1905 1090 1979 prmerbio
1104 1908 1148 1965 uti
1160 1908 1268 1973 soient,
1284 1910 1317 1964 ue
1331 1904 1437 1978 quibus
1451 1920 1518 1963 nom

365 2004 514 2077 auferant
527 2006 630 2078 uitam,
647 2004 764 2065 dedisse
778 2022 809 2065 se
824 2006 938 2066 dieunt.
974 2005 1037 2066 Sed
1050 2010 1081 2067 iu
1095 2008 1169 2067 urbe
1188 2008 1243 2067 iliu
1257 2022 1317 2065 non
1331 2014 1393 2066 iam
1413 2006 1517 2066 homi-

364 2123 435 2168 num
447 2105 576 2180 fumum
589 2107 664 2167 haee
678 2106 820 2179 beneficia
835 2124 925 2182 quam
940 2111 1059 2182 lenum-³
1089 2104 1205 2192 Itaque
1219 2103 1301 2168 nihil
1316 2114 1369 2169 est
1383 2102 1425 2168 de
1438 2102 1516 2187 lege

364 2206 399 2270 in
413 2204 527 2292 privos
544 2204 690 2270 homines
711 2204 795 2287 lata,
818 2204 900 2269 nihil
921 2205 963 2271 de
982 2229 1018 2271 re
1037 2206 1172 2293 capitali
1193 2206 1333 2271 comitiis
1353 2204 1515 2271 iudicata.

364 2308 432 2374 Sed
452 2304 519 2372 illis
540 2306 650 2373 fraudi
670 2306 735 2371 fuit
757 2331 823 2375 vox
845 2313 1099 2373 ‘indemnatum'
1112 2308 1235 2396 pariter
1256 2318 1355 2395 atque
1375 2306 1514 2374 Oniaeio

365 2409 464 2477 Obss.
475 2410 507 2491 4,
522 2409 571 2489 12,
588 2410 644 2496 qui
659 2408 736 2474 inde
751 2410 921 2496 proprium
936 2410 1016 2496 logis
1032 2419 1244 2497 praeceptum
1257 2410 1375 2475 statuit
1388 2408 1514 2474 indem-

365 2522 480 2579 natum
490 2511 631 2577 interfici
639 2534 833 2599 quemquam
845 2534 911 2576 non
920 2511 1029 2578 licere.
1042 2511 1263 2579 Scilicethaee
1271 2536 1338 2579 vox
1348 2533 1515 2599 nonprae-

365 2615 465 2681 dicati
480 2613 552 2680 loeo
567 2624 618 2679 est
632 2636 694 2679 neo
705 2636 778 2679 oum
790 2620 941 2692 ‘interfici'
953 2615 1194 2700 coniungenda,
1207 2615 1264 2680 sed
1274 2614 1432 2680 adieetivi
1444 2614 1514 2679 vim

366 2716 466 2782 habet
477 2714 521 2780 ad
529 2720 698 2779 ‘hominem’
711 2716 866 2802 appositi,
878 2726 916 2781 ut
927 2718 971 2782 sit
982 2718 1077 2803 quasi
1090 2718 1278 2802 ‘integrum’
1291 2727 1325 2782 et
1337 2716 1514 2783 ‘liberum’

366 2818 526 2905 Apprime
540 2817 605 2883 hue
626 2816 768 2903 quadrat
782 2817 878 2884 Pauli
899 2841 971 2885 exo.
987 2841 1030 2884 ex
1043 2819 1143 2884 Festo
1157 2842 1190 2907 p.
1205 2819 1267 2883 221
1284 2843 1315 2883 ν.
1328 2824 1514 2899 pam'ci(di)

366 2930 537 3000 quaestores
553 2966 561 2982 .
578 2968 587 2984 .
605 2966 612 2983 .
652 2924 744 2984 ‘Nam
760 2926 926 3000 parricida
946 2942 1005 2985 non
1027 2928 1127 3002 edique
1151 2928 1178 2987 is
1201 2928 1255 3001 qui
1272 2931 1433 3001 parentem
1458 2942 1514 2986 oe-

365 3028 498 3097 cidisset‚
514 3026 681 3101 dicebatur,
697 3029 752 3087 sed
764 3030 998 3102 qualemcunque
1013 3028 1159 3088 homiuem
1173 3028 1389 3089 indemnatum’
1399 3062 1442 3071 —-
1455 3022 1512 3088 ubi

366 3146 449 3191 voce
463 3128 703 3188 ‘indemuatum’
719 3147 739 3190 a
753 3123 919 3212 plerisque
934 3147 1107 3212 perperam
1126 3126 1314 3213 improbata
1333 3124 1391 3208 (cf.
1413 3125 1514 3191 etiam

366 3226 555 3293 Dirksonus
576 3249 608 3313 p.
630 3226 708 3313 617)
731 3249 772 3292 ne
794 3228 898 3293 careri
918 3226 1051 3313 quidem
1077 3250 1174 3315 posse
1193 3226 1371 3293 Muellerus
1392 3238 1513 3293 monet.

367 3328 482 3395 Cicero
503 3351 535 3415 p.
553 3328 638 3395 dom.
657 3330 708 3411 17,
729 3330 771 3395 43
793 3336 867 3409 ‘quo
887 3336 968 3408 iure,
990 3351 1048 3409 quo
1068 3351 1163 3405 more,
1184 3350 1243 3409 quo
1264 3337 1402 3410 exemplo
1420 3336 1512 3409 leuem

367 3437 539 3497 nominatim
554 3436 592 3495 de
606 3437 704 3512 capite
718 3438 790 3497 civis
804 3437 969 3497 indemnati
981 3432 1121 3497 tulistisi'
1138 3433 1172 3496 in
1183 3432 1293 3500 Pison.
1308 3434 1359 3514 13,
1370 3433 1414 3497 30
1427 3439 1514 3512 ‘quae

367 3544 669 3601 antemuranum
689 3542 770 3612 leues
790 3540 957 3601 indemnati
975 3543 1048 3601 ciuis
1062 3548 1151 3614 atque
1165 3541 1277 3613 intrari
1294 3541 1403 3614 eapiie's
1421 3539 1511 3599 bono

366 3657 492 3716 rumque
506 3642 667 3701 tribunicia
676 3644 872 3717 proscriptio’
887 3637 929 3701 al.
945 3636 1082 3703 Rectius
1099 3637 1200 3722 igitur
1215 3636 1371 3701 Pithoeus
1387 3636 1511 3701 Numae

262 3814 268 3821 ¹
367 3739 440 3825 lege
454 3738 544 3827 apud
559 3736 700 3803 Paulum
721 3739 755 3805 iu
777 3760 872 3803 suum
893 3761 988 3804 usum
1009 3760 1171 3807 conversa
1191 3737 1352 3805 eiusmodi
1371 3737 1511 3804 edietum

367 3841 485 3909 statuit
499 3846 537 3906 ‘si
550 3848 616 3921 quis
629 3846 755 3906 liberum
770 3846 916 3906 nominem
938 3847 1143 3907 indemnatum
1157 3848 1246 3905 morti
1258 3846 1339 3919 duit,
1356 3845 1513 3921 paricidas

366 3952 453 4011 esto?
468 3942 665 4031 Oppositum
679 3955 791 4009 autem
806 3952 858 4008 est
872 3944 960 4030 quod
975 3943 1017 4008 de
1032 3944 1163 4010 homine
1178 3964 1272 4009 sacro
1287 3944 1346 4008 ie.
1361 3942 1511 4009 damnato

368 4048 402 4113 in
417 4046 490 4132 lege
505 4046 685 4112 tribunicia
699 4046 808 4133 prima
823 4055 955 4110 caunum
971 4056 1056 4111 erat:
1074 4052 1193 4127 ‘siquis
1207 4066 1275 4109 enm
1289 4052 1343 4124 qui
1355 4066 1390 4110 eo
1400 4049 1512 4125 plebei-

366 4156 439 4213 seiio
452 4168 540 4213 sacer
553 4154 592 4212 sit
605 4154 760 4224 occiderit,
773 4152 935 4227 pamicidu
950 4154 1056 4212 nesit'
1072 4148 1190 4213 Festus
1206 4170 1239 4235 p.
1255 4149 1329 4213 318.
1574 4141 1582 4153 ’

452 4249 524 4317 Iam
543 4271 622 4317 vero
640 4272 714 4315 oum
731 4247 878 4315 Salviani
899 4239 1046 4315 et'Plinii
1067 4250 1264 4317 testimoniis
1286 4249 1327 4314 de
1348 4248 1512 4316 homicidii

367 4375 474 4441 poena
489 4351 562 4439 lege
579 4351 757 4419 constituta
774 4352 908 4417 tertium
919 4350 1052 4418 videtur
1068 4350 1325 4419 oonsoeiandum
1343 4352 1512 4438 Pomponii

366 4456 402 4523 in
416 4456 493 4541 Dig.
514 4458 542 4538 1,
558 4456 588 4538 2,
604 4454 624 4518 2
640 4458 660 4536 ξ
675 4454 717 4519 23
733 4461 774 4519 ‘ei
787 4461 871 4533 quein,
894 4465 926 4517 ut
945 4458 1095 4533 diximus,
1116 4460 1154 4519 de
1172 4461 1272 4533 eapite
1292 4460 1365 4518 ciue's
1386 4458 1511 4518 Romani

368 4562 483 4623 iru'ussu
493 4562 601 4638 populi
614 4576 673 4621 non
687 4568 755 4623 erat
768 4564 833 4636 ieqe
850 4560 1028 4636 penninas
1042 4562 1089 4623 ius
1100 4560 1216 4635 diam,
1231 4566 1398 4637 propterea
1418 4576 1509 4635 quae·
