3409 5409
365 496 406 561 98
782 512 895 559 cnrvr
918 511 1094 571 qvaarvu.

365 674 405 732 ‘si
413 687 475 731 nox
482 670 600 744 [mlum
609 668 728 744 foetum
737 670 811 742 Μ’,
823 666 889 731 iam
902 657 1006 732 verba
1017 664 1155 729 fecimus
1168 688 1200 753 p.
1210 666 1265 731 79:
1279 676 1395 735 utnon
1406 670 1533 733 minus

362 780 477 857 pateat
492 770 706 836 reiiciendum
722 791 795 833 esse
810 769 900 855 quod
914 766 945 833 V
960 768 982 831 5
997 790 1039 833 ex
1054 764 1247 834 Collationis
1263 768 1415 834 codicum
1438 771 1532 835 seri·

362 882 461 961 ptura
476 878 523 939 ‘ss'
532 882 644 952 anolus
665 877 774 937 nesoit’
790 868 1003 937 Hauboldius
1018 868 1155 957 protulit
1170 875 1243 935 ‘nec
1261 878 1326 949 sit’,
1348 882 1406 937 aut
1427 872 1532 959 quod

361 974 394 1039 V
408 976 431 1039 4
444 973 598 1040 lacunam
612 983 688 1062 post
702 982 780 1039 ‘neo'
796 973 830 1037 in
844 972 979 1060 Ulpiani
995 972 1067 1039 cod.
1084 970 1247 1039 Vaticano
1262 972 1350 1038 idern
1365 972 1531 1041 Haubol·

362 1076 437 1143 dius
453 1098 592 1165 eumque
607 1075 712 1141 secuti
727 1076 825 1161 Hugo
841 1084 875 1143 et
889 1076 1101 1143 Goeschenus
1118 1073 1166 1160 (in
1181 1074 1302 1141 Annal.
1318 1077 1380 1141 iur.
1396 1077 1530 1143 scient.

361 1178 476 1245 histor.
492 1177 542 1245 IV
559 1176 635 1261 130)
650 1176 888 1265 suppleverunt
902 1186 966 1244 ‘oui
977 1200 1049 1244 mus
1063 1184 1150 1243 beree
1164 1199 1219 1243 nec
1233 1185 1293 1243 sit’
1323 1179 1428 1267 Atqui
1444 1180 1527 1245 fue-

360 1288 439 1346 runt
459 1280 515 1367 qui
530 1288 563 1345 et
577 1279 639 1345 boc
660 1278 730 1347 loco
738 1329 748 1362 ‚
770 1304 845 1347 oum
861 1282 896 1347 in
911 1280 992 1347 Coll.
1010 1280 1097 1347 XVI
1110 1281 1147 1363 4,
1165 1282 1179 1345 1
1205 1286 1281 1345 ‘est’
1295 1280 1524 1364 exhibeatur,

360 1383 467 1448 rarius
489 1390 600 1448 autem
622 1381 817 1449 vocabulum
842 1383 933 1471 apud
957 1382 1136 1470 Ulpianum
1165 1381 1293 1449 librarii
1323 1383 1524 1469 ignorantia

359 1486 518 1551 omissum
533 1506 606 1576 esse
620 1506 687 1549 non
701 1486 772 1551 sine
787 1508 906 1551 caussa
920 1495 1079 1568 sumatur,
1096 1484 1208 1551 stillis
1224 1485 1353 1553 duobus
1370 1482 1521 1573 aliisque

360 1587 556 1676 quibusdam
574 1593 652 1653 ‘rsit’
667 1598 813 1654 veterem
834 1586 906 1653 sive
926 1588 1128 1653 coniunctivi
1149 1586 1219 1652 sive
1240 1588 1345 1651 futuri
1369 1586 1519 1653 formam

359 1689 623 1757 introducerent:
646 1691 734 1779 quod
756 1713 830 1755 eum
850 1691 951 1757 etiam
966 1690 1005 1756 Ο.
1022 1687 1198 1755 Muellerus
1214 1689 1388 1776 probasset
1402 1690 1437 1755 in
1453 1711 1517 1755 ex-

359 1814 460 1859 cursu
481 1792 523 1857 ad
543 1791 661 1858 Collat.
685 1793 863 1859 editionem
883 1793 1093 1859 Blumianam
1118 1814 1151 1879 p.
1175 1790 1236 1855 164
1256 1789 1297 1856 cl.
1322 1790 1396 1855 142:
1420 1790 1516 1855 idem

359 1904 476 1981 postea
500 1894 694 1961 retractavit
719 1896 915 1962 sententiam
945 1895 979 1959 in
1009 1892 1237 1981 disquisitione
1266 1892 1372 1959 bonae
1402 1893 1513 1979 lurgis

359 1994 457 2082 plena
472 1994 513 2059 de
530 2002 627 2061 ‘escit
644 2006 678 2062 et
692 1997 841 2083 cognatis
857 1995 971 2062 formis
986 1996 1021 2059 in
1036 1992 1108 2079 lege
1123 1994 1195 2061 XII
1214 1995 1339 2061 inserta
1353 1993 1512 2080 Hugonis

316 2110 320 2116 ’
358 2096 589 2183 Promptnario
615 2097 677 2163 iur.
704 2099 768 2165 civ.
796 2098 847 2164 VI
872 2099 936 2164 420
951 2120 1021 2186 sqq.
1053 2134 1087 2143 —
1115 2094 1204 2161 unde
1229 2097 1371 2183 repetita
1396 2108 1448 2163 est
1475 2096 1511 2161 in

359 2198 478 2286 Script.
495 2198 574 2263 min.
591 2198 608 2265 I
623 2199 687 2265 375
701 2223 772 2289 sqq.
788 2239 830 2248 —
843 2200 912 2267 Ubi
927 2198 1006 2265 locis
1023 2200 1175 2265 omnibus
1196 2196 1372 2284 diligenter
1391 2220 1509 2285 perve-

358 2300 490 2385 stigatis
505 2306 581 2367 ‘erit’
596 2300 721 2367 nullam
735 2325 873 2389 usquam
888 2324 909 2367 a
923 2302 1073 2368 codicum
1085 2301 1236 2387 vestigiis
1252 2300 1509 2367 commendatio·

358 2423 433 2467 nem
452 2402 575 2468 habere
595 2426 673 2469 vere
693 2405 881 2491 perspexit,
907 2404 1028 2469 nimius
1050 2413 1159 2469 tamen
1180 2404 1215 2467 in
1236 2426 1291 2487 eo,
1318 2402 1405 2489 quod
1429 2402 1510 2467 inde

359 2505 472 2571 statim
487 2526 508 2569 a
522 2504 745 2571 decemvirum
760 2515 869 2572 aetate
884 2504 1011 2571 litterae
1027 2528 1041 2569 s
1063 2506 1150 2571 inter
1165 2502 1296 2571 vocales
1310 2526 1408 2571 usum
1424 2504 1509 2570 anti-

358 2605 550 2693 quissimum
565 2607 786 2672 abiudicavit:
809 2609 923 2695 quain
943 2630 979 2673 re
993 2628 1054 2673 nec
1067 2617 1155 2673 recte
1175 2605 1316 2671 fratrum
1332 2606 1507 2673 Arvalium
1593 2681 1598 2701 .

358 2708 502 2773 carmine
521 2709 628 2773 utitur
650 2706 777 2795 (Suppl.
800 2709 887 2774 Ann.
912 2710 964 2799 ad¹
979 2710 1068 2775 Fest.
1092 2732 1125 2797 p.
1146 2710 1223 2795 386)
1245 2732 1351 2796 neque
1371 2708 1506 2775 omnino

357 2810 520 2875 rationem
542 2808 624 2874 satis
645 2809 752 2874 tenuit
772 2812 872 2875 moris
893 2810 982 2876 illius
1005 2810 1152 2877 novandi
1173 2820 1206 2877 et
1226 2810 1507 2893 accommodandi,

357 2932 456 2997 quem
468 2910 505 2975 in
519 2908 591 2976 XII
605 2909 748 2975 maxime
764 2910 946 2977 obtinuisse
961 2934 1062 2999 supra
1076 2912 1230 2979 vidimus.
1269 2912 1367 2993 Quod
1386 2922 1425 2977 nt
1438 2935 1506 2977 me·

357 3014 421 3079 rito
433 3014 567 3078 notavit
578 3010 772 3077 Huschkius
788 3012 830 3078 de
840 3015 934 3099 tigno
949 3014 1061 3081 iuncto
1076 3037 1109 3101 p.
1121 3014 1160 3079 21
1175 3015 1276 3100 sq.¹):
1294 3014 1341 3078 ita
1351 3016 1423 3103 ipse
1434 3036 1505 3079 rur-

358 3136 413 3180 sus
429 3113 479 3177 illi
492 3111 658 3178 notandus
673 3112 739 3179 fuit
754 3113 883 3202 (Suppl.
901 3138 974 3181 anu.
991 3114 1012 3181 l.
1028 3115 1082 3204 l.):
1100 3117 1156 3205 qui
1172 3125 1266 3183 vetus
1283 3125 1505 3181 commentum

357 3220 434 3279 ‘erit'
451 3225 485 3281 et
498 3214 663 3280 recoxerit
678 3223 711 3280 et
724 3238 811 3282 novo
826 3238 918 3283 more
939 3218 1148 3283 exornaverit
1168 3239 1323 3305 praesens
1344 3218 1505 3305 interpre-

356 3325 545 3409 tatus‚non
566 3315 724 3381 futurum.
736 3314 762 3403 ²)
800 3316 870 3382 Nec
890 3316 1052 3385 validiora
1072 3330 1148 3385 sunt
1168 3331 1363 3405 argumenta
1382 3319 1505 3407 quibus

356 3440 500 3485 errorem
514 3418 673 3485 firmavit:
695 3440 769 3483 cum
785 3425 881 3485 ‘escit'
895 3420 1119 3487 inchoativum
1134 3444 1192 3509 pro
1208 3422 1319 3488 futuro
1334 3420 1434 3487 fuerit
1448 3421 1505 3487 de·

356 3521 526 3604 cemviris,
542 3519 679 3587 alteram
693 3521 835 3587 formam
851 3527 941 3587 ‘erit'
957 3523 1069 3589 dicens
1084 3523 1165 3589 ferri
1184 3526 1251 3592 rfon
1270 3547 1384 3612 posse3
1405 3522 1505 3589 adeo·
1586 3516 1591 3527 '

356 3644 419 3709 que
434 3624 543 3709 ipsum
563 3622 711 3686 futurum
725 3623 868 3709 primum
882 3633 959 3711 post
974 3628 1033 3689 ‘si'
1056 3626 1133 3713 poni
1154 3650 1220 3693 non
1235 3624 1341 3693 solere
1362 3634 1502 3713 excepto

356 3745 422 3787 nno
437 3723 508 3789 loco
524 3723 577 3787 13
592 3727 636 3787 ‘si
652 3761 689 3771 -
706 3730 807 3789 vitium
822 3733 909 3791 escit’
926 3726 1003 3793 ‘ubi
1021 3727 1175 3814 quoniam
1189 3726 1270 3793 haec
1285 3728 1395 3795 omnia
1409 3724 1452 3793 ad
1467 3726 1503 3790 in

355 3823 407 3888 ius
422 3834 595 3890 vocantem
610 3824 815 3910 referuntur,
831 3850 896 3915 quo
912 3839 1065 3915 respectu
1079 3851 1157 3897 vere
1172 3840 1247 3895 sunt
1261 3830 1384 3913 futura,
1401 3830 1503 3895 etiam

355 3924 504 3990 futurum
518 3926 707 4013 ponendum
722 3934 826 3995 erat':
849 3952 936 4016 quae
949 3928 1098 3997 refellere
1113 3930 1160 3995 nil
1174 3932 1310 4016 attinet3
1333 3931 1375 3997 ef.
1392 3930 1444 3996 13
1460 3937 1505 3995 ‘se'

356 4034 448 4101 nolet,
463 4048 605 4092 arceram
621 4050 658 4094 ae
672 4038 815 4113 sternito',
831 4032 886 4097 III
901 4032 923 4095 4
938 4038 977 4097 ‘ss'
989 4040 1076 4111 volet,
1093 4040 1165 4112 plus
1180 4038 1273 4100 dato!
1311 4032 1395 4098 Nam
1410 4034 1500 4120 quod

355 4152 457 4194 unum
481 4128 626 4217 aliquam
651 4154 731 4198 sene
757 4132 901 4220 speciem
921 4154 999 4220 prae
1020 4156 1056 4200 sc
1077 4133 1143 4200 fert
1162 4135 1246 4200 VIII
1270 4136 1309 4200 16
1335 4141 1374 4198 ‘si
1391 4140 1503 4199 odorat

424 4386 444 4451 ¹)
462 4388 500 4439 cf.
517 4388 552 4444 G.
570 4388 682 4441 Curtius
700 4391 735 4441 ds
752 4396 835 4459 temp.
855 4397 884 4444 et
900 4388 970 4447 mod.
989 4412 1015 4461 p.
1035 4394 1091 4448 rto.

422 4471 444 4537 ²)
463 4473 548 4524 Cuius
565 4476 723 4527 sentcnttae
741 4477 868 4528 comltem
886 4482 983 4531 nactus
1002 4485 1046 4533 cst
1057 4478 1285 4549 Wesenbergium
1306 4476 1340 4535 ad
1355 4474 1499 4539 Ciceronis

354 4554 437 4606 Tuae.
454 4556 497 4607 111
513 4558 537 4615 ὅ,
558 4560 587 4609 11
607 4560 636 4608 in
653 4560 720 4611 edit.
739 4560 854 4617 Baiteri.
