3409 5409
366 494 412 560 50
789 508 903 557 carun
925 508 1091 555 1111111111.

367 664 453 751 perti
466 684 578 729 sumus
596 652 652 746 (cf.
668 686 700 749 p.
711 662 776 750 15),
792 663 846 728 hie
859 684 988 750 quoque
999 662 1147 727 dicemus
1158 662 1364 728 usitatiorem
1378 663 1546 731 locutio·

366 789 440 832 nem
460 805 503 817 -
526 765 570 831 of.
590 764 718 831 PIiuius
741 764 863 831 XVIII
886 764 923 847 8,
938 764 980 828 41
1001 763 1042 829 de
1064 763 1102 829 C.
1118 764 1219 831 Furio
1234 763 1423 832 Chresimo:
1451 773 1545 831 ‘ceu

362 871 473 949 srupes
487 875 605 934 alienes
615 874 773 949 pelliceret
786 858 952 944 veneficiis'
966 905 1010 915 —
1023 866 1142 932 rariori
1156 866 1379 933 substituisse.
1413 868 1543 933 Nihili

368 980 479 1036 eutem
505 981 557 1037 est
581 970 670 1058 quod
693 968 883 1035 Dirksenus
909 991 942 1056 p.
956 968 1019 1035 541
1041 990 1091 1056 sq.
1119 972 1256 1047 ‘stupam
1281 976 1464 1035 illecebrus’
1493 974 1540 1037 in

366 1074 488 1160 Apulei
503 1072 601 1161 Apol.
616 1072 679 1138 481
697 1081 730 1137 et
744 1074 883 1151 ‘fruetus
897 1077 991 1136 alieri
1001 1077 1034 1135 in
1048 1078 1127 1135 ulios
1141 1081 1241 1135 terres
1261 1074 1430 1150 'transferre'
1439 1095 1540 1152 per-

366 1180 515 1239 lrtbeutur’
531 1173 620 1261 apud
634 1174 859 1259 Augustinum
880 1174 922 1238 de
937 1172 1033 1239 (1.1).
1050 1173 1137 1239 VIII
1153 1174 1193 1239 19
1212 1175 1347 1261 propius
1362 1175 1490 1240 abesse
1508 1201 1535 1241 a

367 1274 554 1363 pellicieudi
574 1276 675 1343 verbo
696 1300 794 1363 quam
815 1276 858 1343 ab
878 1274 1078 1342 excantandi
1098 1275 1238 1341 iudicat:
1264 1277 1354 1363 quod
1368 1300 1410 1342 ne
1424 1277 1534 1343 cadit

372 1378 504 1466 quidem
526 1379 561 1443 in
582 1380 820 1465 Augustinum,
842 1380 886 1445 ad
905 1399 1039 1443 versum
1058 1376 1289 1463 Vergilianum
1309 1387 1417 1457 ‘atque
1433 1392 1536 1443 selus
1616 1382 1622 1391 “

368 1489 428 1545 allo
442 1487 505 1546 ridi
525 1486 685 1547 traducere
704 1488 822 1545 messts’
841 1480 925 1564 (Ecl.
941 1478 1029 1545 VIII
1044 1479 1102 1563 993
1117 1479 1161 1545 cf.
1175 1480 1365 1546 Marcianus
1380 1480 1531 1568 Capella

369 1582 420 1649 IX
437 1586 457 1667 ξ
473 1582 548 1670 928)
565 1583 669 1649 verba
683 1604 744 1648 sua
759 1583 1038 1648 accomodantem.

451 1685 540 1751 Hinc
554 1694 662 1751 autem
684 1708 726 1751 ne
740 1684 822 1751 illud
842 1685 976 1771 quidem
995 1685 1083 1770 quod
1103 1683 1174 1749 sola
1188 1686 1296 1751 Servii
1316 1689 1527 1756 auctoritate

367 1788 485 1855 nititur
499 1788 721 1873 fragmentum
738 1793 899 1853 ‘Patronus
912 1794 941 1851 si
949 1794 1051 1851 clienti
1060 1791 1209 1863 fraudem
1219 1792 1332 1864 feeerit
1344 1810 1433 1854 socer
1441 1800 1526 1854 este’

368 1888 538 1977 (v11121)
561 1890 648 1954 omni
669 1890 849 1976 suspitione
870 1899 976 1953 vacat.
1014 1888 1116 1953 Cuius
1138 1891 1173 1955 in
1193 1889 1266 1975 lege
1286 1889 1394 1956 Iocum
1413 1892 1528 1957 fuisse

371 1990 596 2076 Goettliugius
612 1992 751 2076 negavit
767 1990 869 2077 (Hist.
886 1990 1026 2077 reipubl.
1043 1990 1082 2054 R.
1097 2014 1129 2077 p.
1137 1991 1214 2079 316)
1229 2003 1412 2079 propterea,
1428 1995 1524 2080 quod

370 2090 578 2178 legislatione
594 2091 805 2157 decemvirali
817 2092 952 2158 clientes
965 2115 1077 2159 omnes
1091 2094 1237 2159 tribuum
1247 2094 1425 2182 participes
1438 2098 1526 2160 facti
1621 2135 1622 2146 .

369 2204 480 2260 essent
495 2194 551 2281 (of.
568 2215 600 2280 p.
620 2194 690 2258 130.
713 2194 914 2261 Niebuhrius
929 2194 974 2259 H.
989 2194 1030 2259 R.
1046 2194 1081 2259 ΙΙ
1096 2195 1189 2280 360):
1211 2218 1277 2283 qua
1294 2198 1329 2261 in
1350 2197 1523 2261 reimme·

371 2298 434 2365 rito
450 2296 598 2362 abutitur
611 2304 788 2383 praecepto
805 2296 876 2361 XII
892 2296 933 2361 de
948 2297 1121 2362 senatibus
1137 2307 1170 2361 et
1185 2297 1299 2363 sorotis
1316 2298 1408 2383 (Ιὸ).
1440 2300 1524 2363 Fuit

371 2420 451 2465 sane
466 2397 568 2465 multo
586 2398 748 2463 vetustior
762 2396 843 2483 legis
860 2399 956 2461 huius
973 2397 1014 2461 de
1028 2399 1160 2483 patroni
1175 2398 1293 2464 fraude
1307 2402 1399 2485 origo
1408 2448 1418 2482 ,
1434 2422 1522 2487 quae

370 2502 434 2567 iam
451 2499 493 2566 ad
511 2498 687 2565 Romulum
702 2499 845 2564 refertur
860 2521 881 2564 a
895 2499 994 2564 Dion.
1008 2498 1196 2565 11111110.
1213 2499 1301 2567 Plut.
1316 2501 1412 2566 Rom.
1423 2525 1452 2566 c.
1462 2504 1520 2568 13:

369 2614 470 2690 atquc
485 2624 528 2668 ex
543 2601 593 2667 his
610 2601 743 2689 quidem
759 2602 967 2682 auctoribus,
992 2624 1059 2667 nou
1078 2604 1228 2687 profecto
1248 2627 1292 2669 ex
1313 2603 1437 2669 codicis
1452 2626 1520 2670 me

372 2706 478 2770 moria
499 2703 627 2770 Merula
648 2703 689 2769 de
710 2704 773 2788 leg.
790 2704 909 2767 101112
929 2702 1148 2791 deprompsit,
1169 2704 1257 2791 quod
1278 2706 1312 2770 in
1332 2727 1392 2771 suo
1408 2704 1519 2771 Servii

371 2805 552 2893 exemplari
568 2814 745 2871 testantem
761 2805 863 2871 miror
877 2804 976 2869 fidem
989 2804 1159 2871 invenisse
1170 2806 1259 2893 apud
1265 2805 1519 2891 Goettlingium,

371 2906 557 2975 Beckerum
574 2908 702 2995 (Antiq.
718 2929 800 2972 rom.
817 2908 852 2971 II
871 2910 900 2989 1,
919 2906 1004 2993 162),
1020 2906 1263 2993 Schweglerum
1278 2909 1294 2972 I
1310 2931 1342 2994 p.
1359 2908 1423 2973 040
1437 2930 1469 2972 n.
1490 2912 1519 2973 1.

372 3010 424 3076 III
441 3033 472 3098 p.
491 3011 528 3075 17
545 3006 728 3091 11211101,
746 3012 1166 3099 ε11101111011111111011
1186 3007 1280 3075 malit
1294 3009 1436 3093 Goettl.)
1454 3015 1523 3075 XII

371 3118 541 3177 tabularum
560 3114 709 3176 10011111
727 3116 877 3191 turquillus
896 3118 940 3175 stc
960 3118 1163 3191 scriptumest
1180 3116 1237 3176 “si
1254 3124 1401 3192 petronus
1420 3118 1523 3176 clienti

369 3218 515 3293 fraudem
533 3217 656 3291 suxit,
675 3234 764 3278 socer
783 3219 885 3277 esto.'’
926 3212 995 3278 Neo
1020 3213 1189 3279 sufficiunt
1214 3212 1258 3278 ad
1282 3212 1518 3281 restituendam

374 3337 471 3404 quam
488 3313 714 3400 Schwsglerus
736 3337 866 3405 qnoque
886 3313 1023 3399 derogat
1037 3315 1154 3382 Servio
1175 3315 1274 3382 fidem
1296 3336 1379 3403 quoe
1393 3314 1521 3381 Becke-

373 3440 428 3483 rus
445 3418 597 3505 opposuit
611 3416 633 3482 l.
650 3438 678 3483 c.

458 3520 531 3587 Iam
551 3519 595 3585 od
615 3542 654 3585 ea
674 3520 795 3585 accedo
816 3543 901 3607 quae
919 3521 1137 3586 recentiorum
1156 3518 1277 3585 iniuria
1301 3520 1367 3603 legi
1395 3519 1518 3586 tributa

373 3633 460 3690 suut.
475 3660 518 3673 -
533 3622 642 3709 Atque
658 3644 678 3689 a
693 3622 861 3687 Ciceronis
877 3622 963 3690 fictis
985 3621 1112 3705 legibus
1134 3621 1214 3708 quin
1235 3618 1331 3708 plane
1354 3621 1517 3688 abstineu-

374 3726 453 3791 dum
469 3726 528 3805 sit,
549 3723 615 3788 iam
635 3746 741 3791 nemo,
753 3724 898 3791 dubitat:
923 3747 1006 3809 quae
1027 3746 1068 3787 ne
1090 3733 1159 3787 tum
1179 3721 1313 3811 quidem
1333 3722 1393 3787 ubi
1412 3730 1518 3789 11111-

375 3829 455 3893 lates
472 3848 544 3893 esse
560 3826 601 3893 de
616 3826 687 3892 XII
702 3828 773 3915 ipse
789 3826 905 3893 Cicero
920 3826 1065 3893 affirmet
1079 3864 1120 3871 —
1136 3826 1176 3890 de
1190 3823 1212 3888 1.
1228 3824 1282 3889 III
1296 3826 1334 3906 4,
1353 3826 1392 3889 11
1407 3828 1519 3889 ‘Prior'-

373 3936 452 4007 leetu
473 3950 511 3995 ue
530 3935 705 4009 inrepente:
726 3934 764 3995 dc
784 3936 884 4009 capite
903 3936 975 3993 ciris
995 3935 1055 3992 nisi
1076 3950 1135 4008 per
1153 3933 1319 3993 maximum
1340 3933 1518 3993 0011111111

374 4038 503 4113 ollasque
518 4052 590 4113 quos
609 4052 745 4097 censores
765 4037 796 4095 r‘rs
814 4036 952 4111 pertibus
968 4037 1075 4111 populi
1087 4037 1242 4107 10011111,
1263 4051 1301 4094 ue
1318 4032 1461 4105 seruum'
1475 4032 1516 4093 cf.

378 4134 427 4217 19,
443 4134 486 4197 44
500 4172 543 4182 -
563 4154 676 4220 presse
697 4132 793 4197 reddi
814 4132 1054 4202 existimandae
1069 4143 1161 4198 sunt:
1183 4141 1221 4197 ut
1239 4132 1378 4195 nimium
1399 4154 1441 4195 ex
1460 4130 1518 4196 hae

376 4235 458 4319 legis
488 4234 596 4301 forma
632 4232 857 4300 concludendo
894 4234 1040 4301 effecerit
1068 4232 1293 4318 Schwegierus
1323 4232 1368 4296 II.
1399 4233 1439 4299 R.
1469 4234 1518 4299 Ill

375 4360 406 4425 p.
422 4336 465 4401 40
479 4360 527 4423 sq.

461 4440 570 4505 Etiam
588 4440 724 4525 regiae
740 4462 823 4529 quae
839 4440 989 4506 feruutur
1009 4438 1098 4523 leges
1114 4439 1267 4505 contiuuo
1289 4460 1310 4500 a
1324 4436 1396 4503 xu
1416 4462 1518 4525 segre·

376 4542 446 4627 gari
468 4538 605 4623 debent,
629 4543 779 4629 quauu'is
807 4545 840 4607 iu
862 4542 1060 4629 quibusdem
1085 4544 1170 4607 mire
1189 4539 1372 4605 intercedat
1395 4545 1519 4631 conspi-
