3409 5409
357 496 417 564 106
773 510 886 560 11111
910 509 1087 573 overrun.

439 670 510 735 Iam
527 690 702 734 varonum
723 665 959 733 absolutum
976 666 1032 752 qui
1055 664 1175 729 dicitur
1195 664 1421 730 ablativum
1439 670 1508 729 ‘ur'-

354 779 411 836 uea‘
432 776 611 852 quaudoque
628 775 746 850 surptct’
766 770 953 855 incomptae
976 766 1197 833 decemvirum
1217 767 1317 832 aetati
1337 766 1507 855 imputare

353 872 467 955 liceat,
483 894 523 937 ea
537 874 578 938 de
592 894 629 937 re
643 871 853 937 vehementer
868 870 993 948 dubito.
1031 872 1142 956 Atque
1157 890 1240 933 unus
1255 868 1388 957 quidem
1409 892 1504 956 repe·

354 977 438 1040 ritur
458 978 492 1039 in
507 974 701 1059 fragmentis
717 970 782 1039 abl.
804 970 975 1039 absolutus
991 972 1044 1037 III
1061 972 1078 1035 1
1095 974 1194 1035 ‘Aeris
1215 974 1346 1049 confesse·
1364 974 1504 1035 rebus-

353 1098 422 1157 que
436 1082 621 1141 iudicetis
635 1074 735 1161 (Gell.
747 1074 815 1138 XV
829 1074 882 1163 13)
900 1097 922 1139 s.
938 1078 1124 1153 rebusque
1138 1080 1222 1139 iure
1236 1079 1422 1139 iudicatis
1438 1072 1501 1158 (id.

354 1178 424 1243 XX
441 1177 474 1263 l)
495 1182 596 1241 XXX
614 1182 677 1241 dies
696 1183 766 1242 iusti
783 1184 890 1242 sunto?
938 1176 985 1241 At
1006 1174 1111 1263 qualis
1140 1184 1190 1241 est
1210 1176 1274 1241 ista
1295 1176 1499 1243 coniunctio:

354 1286 464 1343 ‘Aeris
488 1284 630 1357 confessi
652 1283 826 1359 rebusque
845 1278 1047 1342 iudicatis’?
1070 1280 1139 1344 Aut
1159 1278 1215 1365 qni
1234 1286 1344 1365 potest
1368 1276 1502 1344 omnino

353 1382 525 1467 genetivus
548 1380 800 1469 aptus'cogitari
820 1402 841 1445 a
856 1382 965 1443 ‘XXX
977 1384 1058 1444 dr'es'¹
1071 1418 1109 1427 —
1125 1380 1213 1467 quod
1227 1380 1333 1446 voluit
1348 1378 1501 1466 Schweg·

353 1482 441 1549 lerus
463 1484 507 1548 H.
523 1484 563 1549 R.
580 1482 681 1570 111p.
696 1484 738 1549 36
753 1506 785 1547 1.
805 1520 846 1528 -
866 1478 926 1546 tali
946 1482 1093 1548 membro
1115 1503 1359 1569 supervacaneo
1379 1483 1499 1569 impor-

353 1595 433 1651 tune
446 1586 662 1673 interposito‘?
700 1584 765 1650 Sed
782 1584 932 1650 conferas
948 1606 1070 1671 quaeso
1092 1582 1211 1669 quibus
1227 1582 1339 1650 verbis
1360 1606 1429 1649 rem
1444 1583 1500 1649 de·

354 1686 470 1753 scribit
485 1685 612 1753 Gellius
627 1685 697 1751 XX
716 1688 731 1750 1
740 1735 750 1770 ‚
764 1686 808 1750 42
827 1689 1086 1771 ‘Confessi'i'or'tur
1102 1693 1235 1751 aerisue
1256 1690 1373 1751 uetita·
1395 1690 1501 1750 iudi-

355 1797 454 1853 catis
478 1792 578 1852 XXX
598 1794 662 1854 dies
685 1798 756 1852 suat
779 1794 845 1854 deti
868 1788 1089 1869 conquirendae
1111 1794 1260 1869 pecuniae
1286 1796 1408 1854 cousa':
1433 1788 1501 1853 iam

355 1888 524 1975 intelleges
539 1890 665 1977 pariter
679 1892 715 1953 in
729 1888 801 1975 lege
817 1896 982 1955 ‘iudicetis'
1009 1888 1156 1955 dativum
1172 1912 1244 1956 esse
1254 1884 1308 1956 'ad
1328 1912 1500 1977 personas,

353 2014 420 2057 non
433 2014 502 2073 res,
532 2000 735 2078 spectantem
756 2002 789 2057 et
809 1990 886 2058 inde
911 1992 1054 2079 pendere
1074 1994 1171 2057 ‘ueris
1191 1994 1370 2081 consessi'1)
1399 2032 1441 2043 -
1462 2002 1502 2059 ut

354 2092 443 2180 apud
457 2092 590 2158 Livium
605 2093 656 2159 VI
673 2094 713 2158 14
728 2098 946 2160 ‘Oenotrionem
955 2098 1083 2177 nobilem
1099 2099 1304 2160 iudicatum
1316 2100 1501 2175 pecuniae

353 2216 421 2260 cum
435 2200 508 2260 duci
521 2200 660 2271 viatere,
677 2194 801 2262 XXIII
816 2196 856 2261 14
870 2204 1190 2277 ε11111111111111111
1203 2202 1370 2263 iudicati
1383 2205 1414 2262 in
1429 2205 1500 2263 oia-

353 2304 430 2363 eulr's
453 2304 571 2363 essent'
609 2298 708 2380 Quod
732 2298 945 2365 confirmatur
960 2300 1025 2366 Gai
1050 2299 1236 2365 testimonio
1257 2298 1311 2364 III
1333 2300 1373 2365 78
1399 2303 1502 2365 ‘Boua

316 2427 320 2436 ·
355 2410 453 2464 aulem
468 2412 595 2465 venerut
612 2438 655 2450 —
675 2409 742 2485 item
757 2408 1011 2467 iudicatorum
1021 2414 1090 2483 post
1104 2412 1216 2482 tempus
1232 2407 1329 2481 quod
1342 2411 1396 2469 eis
1407 2424 1502 2483 por-

354 2510 416 2569 rim
437 2509 517 2583 lece
531 2506 615 2567 XII
630 2508 845 2569 rotulorum
861 2511 976 2585 purtim
991 2510 1088 2569 edicto
1099 2512 1250 2585 praetoris
1271 2511 1315 2570 od
1333 2508 1502 2585 expedien-

354 2610 598 2687 (temperantem
612 2604 774 2671 1111111111)
795 2606 837 2671 D.
855 2607 912 2689 44,
929 2608 964 2691 3,
980 2608 1001 2671 2
1022 2613 1066 2671 ‘io
1081 2618 1212 2687 tempore
1226 2614 1380 2673 constituto
1395 2612 1499 2671 iudi-

354 2714 467 2772 cetis'
482 2730 510 2772 e.
527 2730 559 2794 q.
575 2731 601 2772 s.
640 2707 846 2794 Quamquam
861 2706 1012 2794 pluralis,
1034 2731 1130 2795 quem
1146 2710 1277 2796 quidem
1292 2706 1419 2774 Gellius
1442 2730 1501 2796 per

355 2818 459 2876 totam
474 2810 696 2875 narrationem
711 2818 837 2892 servat,
860 2811 895 2873 in
909 2808 983 2895 lege
998 2812 1071 2898 ipsa
1085 2811 1144 2877 vix
1159 2812 1320 2878 extiterit:
1349 2812 1442 2877 cuius
1458 2833 1499 2876 ex

355 2934 446 2977 more
459 2934 545 2977 unus
561 2911 698 2996 lingitur
713 2910 842 2976 debitor
856 2912 891 2975 in
905 2912 1010 2977 hisce:
1035 2919 1077 2977 ‘io
1093 2920 1139 2977 r‘us
1158 2918 1267 2979 ducito.
1291 2922 1324 2980 ru·
1337 2918 1499 2979 iudicatum

352 3018 444 3092 sucit'
460 3035 488 3077 e.
504 3036 535 3099 q.
551 3036 578 3078 s.
603 3017 772 3093 ‘rebusque’
788 3013 890 3098 igitur
905 3014 1081 3081 manifesto
1102 3014 1183 3080 ferri
1197 3016 1326 3103 nequit:
1354 3016 1443 3103 quod
1457 3039 1498 3081 ex

355 3120 527 3196 ‘debitique'
552 3116 731 3180 secundum
757 3116 901 3203 priorem
927 3115 1036 3183 locum
1065 3116 1118 3181 hic
1143 3138 1271 3205 quoque
1295 3118 1404 3205 posito
1430 3140 1498 3183 cor·

356 3227 489 3304 ruptum
508 3225 598 3282 recte
619 3216 794 3283 videbatur
814 3218 950 3284 Oiselio.
994 3217 1035 3283 Id
1055 3228 1165 3283 autem
1185 3220 1255 3285 sive
1278 3218 1404 3285 Gellius
1430 3220 1499 3306 ipse

357 3316 487 3385 addidit
501 3318 588 3403 sive,
615 3318 703 3407 quod
717 3320 885 3407 praefero,
906 3319 1151 3407 interpolatoris
1167 3342 1299 3386 manus:
1322 3320 1428 3407 alege
1444 3322 1499 3387 ab·

356 3425 490 3489 horrere
503 3420 696 3508 languidum
711 3422 969 3489 additamentum
984 3422 1107 3509 pariter
1122 3434 1221 3509 atque
1236 3430 1325 3488 ‘iure’
1347 3424 1434 3511 quod
1455 3422 1499 3487 nl-

357 3535 427 3591 tero
443 3522 543 3589 Gellii
558 3525 630 3590 loco
646 3547 687 3590 11
702 3536 870 3613 comparet
885 3524 1017 3613 quidem
1032 3524 1250 3591 certissimum
1265 3534 1326 3591 est.
1362 3526 1413 3591 Ac
1427 3546 1500 3613 pos-

357 3626 402 3692 sit
427 3624 545 3712 aliquis
566 3627 727 3712 suspicari
748 3628 846 3691 etiam
871 3630 1042 3693 ‘iudicatis’
1065 3626 1135 3692 sive
1150 3625 1245 3693 malis
1261 3632 1426 3693 ‘iudicato’
1443 3627 1499 3693 ali·

358 3727 489 3814 quando
504 3727 750 3813 perspicuitatis
766 3750 885 3795 caussa
899 3728 1062 3795 adiectum
1079 3752 1167 3814 esse,
1189 3751 1263 3796 oum
1279 3754 1322 3796 ex
1342 3728 1415 3816 lege
1430 3728 1501 3795 XII

358 3828 429 3894 sine
441 3850 601 3916 personae
615 3830 781 3897 mentione
796 3830 988 3917 simpliciter
1002 3832 1116 3897 fuerit:
1145 3837 1244 3898 ‘Aeris
1262 3836 1393 3911 confessi
1405 3836 1503 3897 XXX

358 3935 422 3995 dies
436 3937 508 3996 trosti
519 3945 614 3995 uento.
636 3936 707 3997 Post
721 3937 830 3999 deinde
843 3952 951 3998 munus
964 3939 1082 3999 iniectio
1096 3943 1177 3998 esto!

443 4033 560 4121 Itaque
574 4056 615 4099 ne
629 4033 685 4100 illo
700 4035 834 4123 quidem
848 4034 920 4101 loco
936 4037 1039 4101 ‘uinco
1053 4041 1174 4116 sorpto’
1190 4035 1355 4104 ablativus
1369 4056 1501 4122 magno-

358 4156 436 4224 pere
452 4157 488 4201 se
503 4137 726 4203 commendat:
752 4147 790 4203 ut
804 4136 858 4203 vel
873 4137 975 4203 tutius
991 4148 1066 4224 post
1082 4144 1220 4219 ‘sorpta'
1236 4138 1338 4203 fuisse
1354 4144 1442 4203 ‘escit
1448 4146 1458 4174 ’
1474 4162 1500 4203 s.

358 4245 438 4303 ‘erit‘
458 4277 492 4286 —
509 4262 575 4305 non
590 4244 659 4315 sit,
674 4249 713 4304 ut
727 4238 813 4305 male
824 4238 1006 4305 Cosmanus
1022 4278 1075 4323 —‚
1091 4240 1216 4307 aFesto
1232 4240 1502 4329 praetermissum

359 4349 535 4408 statuatur.
567 4340 652 4405 Nam
673 4340 716 4406 de
735 4342 808 4428 ipsa
829 4364 866 4407 re
891 4364 1024 4428 prorsus
1044 4344 1213 4410 consentio
1234 4364 1306 4408 oum
1328 4342 1501 4408 Huschkio

360 4480 563 4493 ——fl

411 4562 450 4646 ⁸¹)
468 4562 502 4616 de
520 4564 573 4617 hoc
590 4564 627 4620 cf.
638 4564 800 4619 Huschkius
818 4565 851 4618 (11
870 4565 928 4618 ture
941 4568 1004 4619 1111
1022 4583 1049 4633 p,
1063 4568 1188 4623 131111.
1207 4564 1282 4619 Stud.
1295 4568 1345 4621 iur.
1358 4566 1390 4619 R.
1402 4580 1429 4635 p.
1442 4565 1500 4619 tt't.
