3409 5409
351 492 392 557 90
766 510 879 556 csvvr
902 508 1079 570 quarvn.

352 677 403 732 est
424 688 484 753 pro
506 666 733 731 ‘verberassit'
753 703 791 712 --
816 664 927 729 nescio
949 686 1014 751 qua
1038 686 1182 750 syncope
1204 664 1355 729 effectum
1375 672 1510 731 temere

351 768 466 834 credas
493 768 735 854 lexicographis
761 768 883 832 nostris
910 767 981 831 sive
1008 765 1046 830 Ο.
1074 764 1232 832 Muellero
1262 766 1377 855 Suppl.
1410 769 1508 832 Ann.

351 894 381 956 p.
398 871 461 935 393
476 893 518 935 ex
535 870 739 935 ‘verbus-sit’
753 869 934 933 mutatione
954 868 1082 933 litterae
1097 891 1112 932 s
1129 868 1164 932 in
1179 892 1195 932 r
1210 870 1385 935 oriundum
1406 871 1508 935 inau-

352 972 423 1036 dita
436 971 494 1037 illa
509 974 543 1035 in
557 972 608 1035 his
624 971 728 1035 futuri
743 970 857 1036 formis
874 979 971 1035 aucta
992 972 1026 1035 vi
1048 972 1257 1035 consonantis
1274 995 1289 1035 s
1310 994 1351 1036 ex
1368 994 1507 1059 compo·

352 1075 471 1139 sitione
493 1074 603 1159 stirpis
629 1094 703 1137 curn
729 1074 830 1138 verbo
854 1073 1070 1138 substantivo.
1108 1072 1210 1159 Atqui
1230 1072 1387 1138 hactenus
1408 1084 1506 1139 reete
1618 1141 1622 1155 ,

352 1176 419 1260 egit
434 1174 627 1264 Muellerus,
643 1176 731 1262 quod
750 1176 870 1240 tertiae
890 1176 1128 1260 coniugationis
1150 1176 1290 1241 verbum
1304 1178 1502 1263 requisivit:

352 1299 549 1363 quamquam
579 1277 665 1363 quod
695 1286 863 1363 tamquam
893 1288 1017 1342 eertum
1047 1279 1117 1342 eius
1142 1278 1190 1341 rei
1214 1278 1391 1363 vestigium
1418 1279 1504 1349 citat

352 1380 551 1445 ‘verbustus’
568 1379 776 1460 vocabulum,
788 1378 824 1443 id
838 1379 969 1466 quidem
985 1380 1196 1465 quantumvis
1214 1378 1327 1445 dedita
1338 1402 1439 1467 opera
1451 1381 1503 1445 in-

353 1482 484 1567 quirens
500 1481 702 1566 investigare
716 1502 879 1568 nusquam
894 1482 995 1568 potui.
1017 1480 1179 1545 Nimirum
1192 1486 1343 1547 ‘verberit'
1358 1481 1503 1569 simplex

353 1594 403 1649 est
423 1584 605 1670 praesentis
626 1583 826 1648 indicativus
847 1584 941 1649 verbi
964 1583 1161 1648 ‘verberare'
1183 1585 1394 1671 antiquioris,
1411 1584 1502 1649 unde

352 1684 538 1752 declinatur
557 1696 673 1772 postea
693 1686 903 1752 ‘verberare’
935 1685 1010 1766 Qua
1030 1684 1070 1749 de
1091 1686 1198 1751 forma
1218 1710 1284 1752 non
1306 1696 1356 1751 est
1377 1708 1436 1751 cur
1456 1686 1501 1751 ad

352 1810 485 1853 carmen
499 1788 624 1853 Arvale
647 1810 837 1876 provocem,
859 1788 922 1853 etsi
942 1788 990 1853 ibi
1011 1810 1126 1852 vocem
1147 1794 1285 1853 ‘emim’
1306 1788 1413 1853 videri
1434 1810 1501 1855 non

353 1890 395 1956 de
418 1889 594 1972 fervende,
621 1891 680 1954 sed
702 1889 743 1953 de
762 1890 967 1954 verberando
988 1888 1058 1955 solo
1081 1890 1187 1975 accipi
1208 1913 1322 1976 posse,
1350 1901 1388 1955 ut
1409 1898 1500 1955 ‘ver-

268 2022 284 2031 ·
354 1992 457 2071 bera',
472 2013 533 2077 pro
549 2015 613 2077 quo
629 1990 707 2057 olim
722 1991 789 2055 dici
803 1993 912 2077 potuit
927 1993 1135 2075 ‘v·erbere’,
1151 1994 1367 2078 imperativus
1384 1992 1428 2057 sit
1442 1992 1500 2058 ab·

353 2095 440 2158 iecta
453 2094 561 2159 vocali
577 2103 738 2174 extrema,
755 2104 805 2157 sat
820 2093 1003 2179 probabilis
1019 2116 1078 2180 pro
1093 2117 1128 2159 re
1146 2104 1224 2159 nata
1239 2105 1290 2160 est
1305 2094 1501 2160 Mommseni

354 2195 464 2282 opinio
480 2195 515 2258 in
530 2194 628 2281 Corp.
645 2195 749 2260 Inser.
765 2195 839 2260 Lat.
857 2196 873 2259 I
889 2220 920 2283 p.
939 2196 988 2261 10.
1017 2196 1083 2260 Sed
1099 2194 1163 2261 alia
1182 2198 1216 2260 in
1238 2204 1391 2283 promptu
1412 2206 1500 2261 sunt.

354 2295 462 2363 Simili
476 2296 562 2361 enim
577 2297 717 2361 transitu
734 2305 941 2385 ‘temperare’
958 2298 1130 2363 descendit
1146 2305 1392 2385 a‘temperere’,
1405 2295 1469 2363 hoe
1481 2320 1502 2362 a

355 2407 572 2486 ‘tempesere',
591 2422 689 2486 quam
710 2400 853 2485 priscam
872 2400 1011 2466 formam
1030 2412 1165 2465 servant
1180 2399 1354 2487 partieipia
1366 2408 1502 2487 ‘tempe

354 2510 437 2567 stus’
450 2502 592 2589 -apud
603 2500 742 2567 Paulum
757 2503 840 2567 Exe.
858 2526 899 2567 ex
910 2503 1009 2567 Festo
1024 2525 1056 2588 p.
1069 2502 1132 2567 362
1142 2510 1301 2582 ·‘tempestu
1316 2509 1500 2582 tempestive’

355 2616 389 2670 et
401 2605 517 2669 Thom.
529 2604 628 2669 Thes.
642 2628 717 2670 nov.
732 2603 823 2669 latin.
836 2628 868 2690 p.
881 2605 943 2669 592
958 2605 1001 2669 ef.
1013 2605 1075 2669 583
1087 2604 1133 2668 M.
1151 2613 1319 2684 ‘tempestus
1330 2613 1376 2669 vel
1386 2616 1502 2686 tempe-

354 2714 497 2771 stiracis
518 2717 647 2786 tempore
667 2715 859 2771 conveniens’
879 2745 915 2755 -
938 2718 971 2771 et
993 2708 1249 2793 ‘intempestus'3
1266 2718 1366 2793 atque
1382 2705 1503 2772 adhoc

355 2809 471 2873 tertiae
486 2807 598 2873 malim
612 2830 710 2895 quam
725 2808 769 2872 ad
784 2809 909 2894 primae
924 2808 1166 2892 coniugationis
1187 2808 1326 2874 verbum
1346 2830 1503 2876 revocare

355 2911 600 2977 coniunctivum
616 2916 817 2989 ‘temperint’‚
832 2911 1014 2997 praesentis
1035 2910 1145 2994 illum,
1164 2934 1230 2977 non
1252 2910 1392 2998 perlecti
1413 2910 1502 2998 quod

356 3014 462 3079 voluit
477 3013 518 3079 Ο.
532 3010 709 3077 Muellerus
724 3012 747 3077 l.
762 3036 807 3094 e.,
829 3034 924 3098 quem
940 3012 1082 3078 Palatini
1097 3011 1207 3079 Plauti
1222 3010 1387 3079 testantur
1402 3012 1501 3077 True.

356 3116 374 3181 Ι
391 3117 425 3196 1,
440 3115 481 3178 41
503 3115 654 3201 proxime
669 3114 712 3179 ad
727 3113 913 3201 exemplum
930 3114 1082 3179 similium
1099 3115 1224 3181 ‘edint'
1246 3114 1386 3181 ‘nolint’
1408 3116 1502 3181 effor-

355 3226 491 3281 matum.
507 3216 681 3283 Hinevero
692 3217 759 3281 iam
769 3215 985 3281 confidentius
999 3216 1039 3281 de
1051 3217 1200 3303 pluribus
1213 3216 1360 3283 eiusdem
1371 3220 1501 3303 generis

357 3318 468 3385 verbis
485 3318 572 3383 idem
583 3318 796 3383 iudicandum
808 3319 879 3383 erit.
910 3318 995 3383 Nam
1010 3320 1134 3405 pariter
1151 3341 1233 3406 quae
1247 3322 1398 3385 feruntur
1414 3320 1502 3385 adie

357 3421 446 3487 ctiva
461 3420 652 3501 ‘honestus',
669 3420 857 3503 ‘funestus'‚
879 3422 1083 3503 ‘modestus'‚
1099 3420 1294 3503 ‘scelestus’‚
1310 3422 1501 3503 ‘robustus’‚

357 3532 554 3610 ‘augustus’,
576 3526 772 3606 ‘venustus',
798 3530 974 3608 vetustus',
1001 3530 1173 3605 ‘onustus',
1199 3522 1339 3610 denique
1360 3523 1501 3591 ‘eonfoe-

358 3624 492 3693 dustus’
513 3624 648 3711 (Paulus
670 3625 752 3689 Exe.
775 3649 807 3711 p.
822 3628 862 3691 41
884 3630 1090 3703 ‘consoeduste'
1110 3630 1234 3701 foedere
1255 3632 1437 3700 coniuncti’:
1456 3624 1501 3690 id.

358 3748 441 3792 corr.
463 3725 590 3791 Placidi
613 3728 712 3811 gloss.
739 3750 771 3815 p.
788 3729 852 3793 448
874 3732 1084 3806 ‘eonsoeditos
1100 3732 1226 3805 foedere
1250 3734 1440 3809 copulatos’;
1460 3726 1501 3793 ef.

358 3828 474 3895 Thom.
491 3828 590 3893 Thes.
607 3852 639 3916 p.
654 3832 713 3895 151
730 3854 757 3896 s.
769 3855 823 3897 vv.
840 3836 1060 3907 consoedustus.
1082 3836 1274 3895 collateralis.
1299 3830 1359 3896 156
1374 3854 1406 3897 v.
1429 3851 1501 3895 con·

357 3931 496 4015 speruus)
519 3932 627 4023 omnia
652 3933 827 4019 partieipia
847 3931 1070 4018 intellegenda
1093 3943 1169 3997 sunt
1195 3954 1308 3998 eorum
1327 3933 1502 3999 verborum

357 4034 475 4100 tertiae
486 4032 739 4121 coniugationis,
751 4034 839 4099 unde
850 4034 1013 4121 posterior
1023 4056 1102 4099 usus
1115 4035 1267 4101 derivata
1278 4034 1501 4101 effecit‘hono·

358 4144 456 4218 rare',
465 4134 654 4221 ‘funerareij
670 4137 878 4220 ‘moderare’,
892 4136 1088 4219 ‘scelerare’,
1100 4138 1291 4220 ‘roborare’,
1305 4146 1501 4222 augurare,

360 4246 552 4304 ‘venerare'
566 4239 715 4326 (Fiant),
729 4239 961 4321 ‘inveterare'',
973 4244 1126 4305 ‘onerare
1136 4248 1154 4321 ’,
1175 4238 1429 4325 ‘foederare’¹):
1446 4239 1500 4305 ubi

360 4346 562 4354 ———-—

428 4396 448 4459 ¹)
466 4397 543 4447 Idem
560 4394 755 4461 suspicandum
773 4395 807 4446 de
826 4399 992 4461 ‘angustus’
1017 4392 1117 4447 Paullo
1135 4394 1228 4445 differt
1246 4395 1357 4446 ‘iustus’
1376 4412 1393 4446 a
1411 4397 1499 4457 ‘iuso’‚

360 4484 470 4535 ‘lov-sc’
489 4480 566 4547 (hine
585 4483 693 4539 ‘iovro’‚
711 4482 806 4531 ‘iuro’s
830 4481 868 4531 ef.
887 4480 1056 4533 Ritschellus
1075 4481 1147 4531 Mon.
1172 4481 1259 4545 epigr.
1278 4484 1333 4531 tria
1350 4498 1377 4547 p.
1395 4482 1447 4543 36).
1469 4506 1500 4517 -

360 4570 402 4620 De
420 4584 450 4619 re
467 4567 525 4620 vid.
542 4568 598 4617 iarn
616 4568 648 4618 Ο.
662 4566 813 4617 Muellerus
832 4565 866 4617 cd
879 4566 958 4619 Paul.
977 4582 1002 4635 p.
1015 4568 1047 4618 41
1067 4568 1154 4619 ‘Inter
1172 4565 1315 4619 foedustus
1333 4572 1362 4617 et
1378 4565 1499 4619 foedera·
