3409 5409
370 510 411 575 68
796 528 910 577 cneus
932 526 1097 576 rearrvu.

369 704 401 767 p.
420 680 479 746 195
494 681 574 769 sq.):
592 680 650 768 qui
665 690 697 746 et
712 681 843 748 Gaiano
859 682 1108 762 commentario,
1129 703 1195 768 quo
1210 679 1281 747 solo
1300 680 1422 747 nititur·
1438 680 1546 744 haec

370 784 623 868 argumentatio,
639 806 769 851 ornnem
784 784 826 850 de
841 808 882 850 ea
895 807 932 849 re
946 784 1043 849 fidem
1058 783 1232 868 abrogavit
1246 794 1281 849 et
1293 783 1384 848 istud
1399 804 1543 871 aequa-

368 883 508 950 bilitatis
523 884 713 968 artificium,
730 909 794 972 quo
816 884 870 951 vel
889 887 924 950 in
947 884 1031 950 duas
1045 897 1210 952 extremas
1225 883 1357 949 tabulas
1376 884 1434 949 bis
1451 885 1541 971 qui·

368 1008 485 1051 narum
499 987 687 1053 uhuorum
702 987 932 1075 supplementa
944 984 993 1051 illi
1007 986 1238 1054 distribuerint
1245 986 1283 1073 ¹),
1297 986 1398 1050 nimis
1411 1008 1539 1051 remo-

367 1098 438 1153 tum
453 1098 487 1155 et
502 1111 523 1153 a
536 1098 687 1155 vetustae
703 1092 820 1156 aetatis
842 1088 1052 1177 simplicitate
1073 1098 1107 1155 et
1126 1090 1170 1153 ab
1183 1088 1340 1154 universa
1353 1087 1537 1153 Romano—

369 1213 441 1254 rum
456 1190 694 1256 consuetudine
708 1193 825 1259 marito
840 1193 940 1257 irrisu
954 1190 1233 1277 condemnavit.²)
1262 1188 1413 1275 Namque
1429 1189 1535 1254 sieut

367 1294 402 1357 in
423 1292 495 1377 lege
515 1291 669 1359 Cornelia
697 1292 739 1359 de
765 1294 834 1358 XX
861 1292 1110 1381 quaestoribus,
1133 1293 1226 1357 cuins
1254 1301 1373 1357 octava
1398 1289 1532 1355 tabula

369 1404 535 1480 superstes
562 1405 626 1477 est,
654 1405 687 1461 et
713 1396 747 1459 in
771 1395 843 1481 lege
865 1395 993 1461 Rubria
1012 1394 1054 1459 de
1074 1392 1205 1460 Galliae
1231 1392 1346 1479 eisslp.
1366 1392 1530 1473 civitate,

370 1496 462 1560 euius
478 1506 629 1583 quartam
645 1498 803 1563 habemus
810 1547 821 1580 ‚
836 1499 886 1563 ita
900 1497 999 1561 etiam
1013 1497 1050 1559 in
1064 1496 1136 1581 lege
1151 1496 1288 1581 antiqua
1302 1494 1436 1559 tabulae
1451 1514 1527 1557 non

368 1618 506 1684 corpora
531 1598 719 1665 efficiebant
745 1608 803 1663 aut
827 1599 955 1685 capita,
981 1597 1040 1663 sed
1064 1608 1137 1663 erat
1163 1596 1322 1663 continua
1344 1606 1526 1681 tamquam
1556 1636 1562 1643 -

368 1700 565 1785 paginarum
581 1700 693 1764 serios.
708 1698 843 1787 —Ipse
864 1710 976 1766 tamen
990 1698 1119 1765 Puehta
1141 1720 1206 1785 quo
1227 1697 1376 1785 exemplo
1395 1696 1524 1783 proba·

369 1810 461 1865 turus
477 1810 528 1866 est
543 1801 724 1866 seeundum
739 1800 888 1868 ordinem
908 1800 1019 1887 legum
1038 1802 1073 1865 in
1088 1823 1286 1887 unaquaque
1305 1796 1421 1867 tabula
1441 1820 1523 1885 per·

372 1901 570 1988 scriptarum
584 1904 751 1969 numerari
772 1926 793 1968 a
807 1904 975 1969 veteribus
991 1903 1110 1970 solere:
1133 1902 1174 1968 de
1192 1925 1232 1968 eo
1252 1923 1350 1990 quam
1370 1902 1523 1967 maxime

372 2003 499 2071 dubito.
521 2004 627 2070 Extat
641 2003 730 2092 apud
744 2004 881 2070 Festum
896 2028 928 2093 p.
936 2006 1000 2070 273
1011 2030 1041 2070 v.
1057 2026 1128 2070 reus
1143 2053 1152 2069 .
1168 2054 1176 2069 .
1191 2010 1238 2068 ‘at
1250 2009 1355 2084 Capito
1369 2009 1473 2067 Atet'as
1485 2011 1522 2067 ἐκ

368 2110 473 2170 eadem
488 2110 607 2185 quidem
627 2114 765 2186 opinione
784 2118 839 2185 est,
862 2113 918 2172 sed
936 2114 1072 2187 exempto
1084 2110 1211 2170 adunat
1229 2112 1518 2186 interpretationem,

370 2212 485 2272 Numa
502 2214 538 2273 t'n
553 2214 718 2274 secando
734 2212 865 2274 tetulo
883 2213 1048 2275 seeundo
1061 2216 1142 2287 leae
1161 2217 1197 2273 t'n
1213 2229 1284 2287 qua
1296 2215 1519 2288 scriptumest:

370 2312 444 2389 qut'd
457 2315 563 2375 taonem
574 2313 639 2388 suit
651 2330 743 2375 anum
757 2315 855 2377 iadiet'
865 2315 1015 2374 arbitrere
1028 2330 1128 2388 reove,
1142 2330 1179 2374 eo
1192 2316 1256 2374 dies
1269 2314 1417 2388 diffensus
1429 2316 1518 2373 esto!

370 2410 437 2475 Ubi
453 2434 527 2476 oum
543 2414 666 2477 ‘Numa'
681 2436 749 2479 vox
765 2412 890 2479 dudum
905 2423 1021 2480 notata
1041 2422 1128 2477 esset
1147 2412 1229 2497 legis
1244 2412 1316 2477 XII
1336 2419 1516 2498 praeoepto

369 2512 453 2577 male
469 2514 637 2601 apposita,
653 2526 722 2582 tum
736 2517 835 2582 etiam
850 2515 1002 2603 proxima
1014 2515 1119 2579 verba
1133 2520 1177 2577 ‘t'n
1197 2518 1332 2578 secando
1344 2517 1450 2578 tobttta
1462 2533 1517 2575 se-

368 2619 469 2679 cunde
489 2622 570 2693 leoe'
591 2639 633 2681 ex
655 2629 768 2684 nostro
790 2620 900 2705 potius
922 2616 1047 2682 citandi
1066 2636 1156 2680 more
1177 2626 1254 2681 sunt
1274 2638 1371 2702 quam
1392 2637 1434 2679 ex
1449 2613 1514 2678 Ro-

368 2740 554 2801 manorum,
578 2718 698 2805 quibus
719 2718 908 2805 ponendum
928 2718 994 2783 fuit
1014 2725 1056 2781 ‘r'n
1078 2722 1267 2782 secundae
1287 2721 1438 2781 tutatae
1461 2738 1514 2781 se-

367 2824 468 2884 eundo
483 2828 570 2899 leoe’
601 2818 716 2905 Itaque
732 2830 790 2885 aut
804 2820 989 2907 putaverim
1003 2825 1149 2884 ‘sectanda
1167 2826 1244 2897 teoe’
1260 2817 1427 2905 glossema
1440 2826 1514 2883 ess‘e

368 2921 411 2986 ad
426 2926 570 2986 ‘secundo
585 2926 699 2986 tobato’
714 2922 881 3005 additum,
902 2931 960 2986 aut
980 2926 1148 2987 ‘secernito’
1168 2928 1356 3009 corruptum
1377 2942 1450 2985 esse
1469 2942 1513 2984 ex

369 3044 501 3088 numero
523 3026 595 3086 XII
599 3050 609 3085 .·
635 3033 672 3087 ut
692 3022 745 3088 rel
766 3025 907 3111 probata
926 3026 961 3088 in
980 3024 1097 3090 ceteris
1117 3022 1265 3090 Turnebi
1285 3020 1513 3088 emendatione

368 3124 472 3204 (Adv.
489 3123 593 3189 XVH
609 3125 643 3211 8)
667 3126 831 3191 sententia
851 3127 1069 3193 constituatur
1089 3131 1196 3192 ‘Nom
1208 3134 1242 3192 ἐπ
1256 3130 1391 3191 secrtndo
1410 3128 1513 3189 tntrrtn

368 3230 449 3289 XII
470 3232 566 3303 letis
579 3232 723 3307 seriptum
743 3234 802 3291 est’
823 3225 877 3293 vel
897 3228 927 3292 si
940 3227 1037 3292 malis
1052 3234 1100 3293 ‘in
1116 3236 1195 3308 quo'
1211 3229 1336 3293 servari
1343 3278 1353 3311 ,
1369 3226 1511 3292 adhunc

368 3328 437 3391 fere
453 3328 587 3393 modum
608 3330 803 3395 restituatur
818 3334 870 3393 ‘at
884 3333 988 3409 Cupito
1003 3336 1105 3397 Ateius
1123 3340 1155 3395 ia
1174 3336 1281 3395 eodem
1302 3335 1422 3409 quidem
1442 3335 1511 3409 epi-

369 3437 456 3495 m'otte
466 3442 517 3505 est,
528 3436 583 3495 sert
595 3438 733 3512 exempto
744 3436 868 3495 adiuvat
880 3438 1151 3512 tamentationem
1164 3442 1307 3513 sumpto
1319 3453 1366 3497 ex
1379 3436 1510 3496 semente

368 3538 469 3596 rotata
485 3536 521 3596 X
523 3536 544 3595 I
546 3536 567 3595 Ι
583 3538 695 3613 tegata,
710 3540 741 3597 tn
757 3553 817 3612 qua
831 3540 1056 3613 scriptumest.
1074 3584 1082 3601 .
1101 3543 1122 3600 .’

453 3633 528 3698 Non
550 3636 655 3700 maior
675 3634 774 3718 fides,
794 3635 829 3698 ni
850 3633 966 3717 fallor,
987 3634 1083 3701 alteri
1103 3636 1253 3724 exemplo
1273 3634 1428 3702 habenda
1448 3643 1507 3716 est,

368 3756 433 3821 quo
448 3756 534 3799 nune
549 3735 676 3800 citandi
696 3758 766 3801 mos
788 3734 948 3801 illustrari
971 3737 1066 3803 solet.
1096 3738 1159 3804 Est
1173 3737 1274 3803 Gellii
1288 3737 1378 3804 loeus
1396 3736 1462 3802 XX
1479 3738 1507 3817 i,

367 3837 410 3901 25
425 3858 521 3923 quem
536 3858 641 3923 nuper
655 3836 813 3903 Hertziua
828 3861 872 3903 ex
885 3838 982 3924 Regii
996 3848 1030 3904 et
1044 3839 1201 3906 Vossiani
1221 3840 1355 3905 maioris
1371 3838 1506 3904 auetori-

367 3946 436 4003 tate
457 3938 505 4001 ita
526 3936 630 4003 dedit:
654 3944 729 4004 ‘Sed
747 3962 804 4005 cnr
823 3946 877 4004 tt'tt'
895 3961 960 4004 esse
979 3948 1042 4005 ot‘so
1062 3953 1107 4005 est
1124 3946 1292 4007 interanea
1310 3949 1362 4005 tex
1381 3947 1507 4005 aenae

366 4062 433 4103 mea
448 4044 566 4119 quidem
581 4048 726 4105 seruentt'u
739 4046 970 4106 humanissimo:
984 4063 1062 4121 quoe
1076 4049 1235 4106 iumentum
1250 4048 1323 4107 deri
1332 4046 1506 4120 tatetoeoro

367 4154 420 4207 oret
433 4148 499 4207 seni
517 4148 547 4206 in
569 4144 753 4208 irrevocata?
789 4148 887 4208 t'erta
900 4156 971 4208 tant
983 4148 1059 4209 haee
1072 4151 1146 4223 leyt’s
1161 4150 1219 4209 “st
1236 4150 1268 4209 tn
1283 4150 1330 4208 ias
1345 4146 1505 4228 trocoqo].”

476 4302 570 4309 .-.-.--

437 4401 457 4468 1)
475 4402 536 4453 Hoc
561 4406 637 4453 certo
656 4408 838 4454 commentum
861 4418 915 4454 nuo
937 4402 1073 4455 Macrobii
1094 4402 1129 4454 de
1152 4404 1288 4455 fastorum
1312 4400 1411 4454 tabula
1431 4404 1504 4453 teeti·

369 4487 459 4537 monio
478 4486 608 4537 concidit.

436 4570 457 4635 ²)
476 4572 513 4624 rt.
527 4572 613 4622 etism
626 4572 781 4625 Rudortiius
794 4574 829 4629 Π,
844 4574 861 4624 ἰ.
875 4588 897 4624 r.
910 4574 923 4623 Ι
939 4575 999 4626 261.
1027 4574 1126 4625 Annei.
1144 4576 1195 4625 iar.
1208 4574 1344 4626 historiae
1357 4574 1400 4625 ΠΙ
1412 4591 1440 4641 p.
1451 4574 1502 4628 rat.
