3409 5409
688 499 826 548 usum
849 500 881 547 V.

768 654 798 717 3.

296 790 356 839 V'il
378 786 548 839 mussstu
570 788 681 837 SVPEB
703 786 855 835 PECVNIA
878 786 1061 835 uvuuttt'lu
1085 787 1173 837 SVAE
1197 788 1271 852 But,
1300 788 1358 835 trs

213 892 269 942 tvs
291 892 392 941 ESTO.
1119 898 1124 908 ¹

280 1096 306 1144 3.
324 1092 437 1159 leian.
450 1090 538 1143 fr.x1
551 1091 583 1141 14
602 1089 795 1141 ‘Testamento
809 1102 917 1156 queque
930 1089 1092 1141 nominatim
1105 1092 1211 1141 tutores
1223 1087 1281 1140 dati
1294 1104 1359 1141 con-

212 1176 355 1229 firmantur
373 1174 471 1227 eadem
488 1174 552 1239 lage
569 1172 714 1225 duodecim
731 1174 891 1225 tabularum
914 1173 958 1225 bis
976 1172 1070 1225 uerbis
1088 1174 1152 1224 ‘uti
1171 1211 1177 1223 .
1199 1212 1205 1223 .
1225 1178 1243 1223 .’
1272 1172 1359 1224 (laius

211 1262 279 1313 Inst.
297 1262 326 1311 Il
344 1263 395 1312 224
412 1260 481 1311 ‘Sed
498 1260 563 1311 olim
581 1258 690 1325 quidem
707 1258 812 1309 licebat
830 1264 918 1309 totum
936 1260 1130 1327 patrimonium
1154 1244 1256 1322 legetis
1275 1262 1358 1324 etque

211 1346 389 1397 libertatibus
409 1358 525 1411 erogare
543 1358 596 1395 nec
614 1345 760 1411 quicquam
778 1344 875 1394 heredi
887 1343 1044 1409 'relinquere
1059 1346 1170 1409 praeter
1182 1358 1262 1409 qnam
1277 1344 1358 1392 inane

211 1446 310 1482 nomen
328 1429 453 1493 heredis3
471 1428 554 1494 idque
574 1428 618 1480 lex
636 1428 690 1478 XII
708 1428 865 1479 tabularum
883 1430 1044 1494 permittere
1062 1428 1218 1493 uidebatur,
1238 1442 1294 1491 qno
1312 1442 1358 1476 cn·

210 1519 334 1567 ueturut
348 1514 420 1580 qued
438 1514 553 1579 quisque
572 1512 606 1565 dc
624 1528 654 1563 rc
673 1527 723 1563 sua
741 1516 863 1563 testatus
883 1516 969 1570 osset,
989 1512 1016 1561 id
1035 1518 1124 1563 ratum
1143 1512 1302 1576 baberetur,
1315 1510 1358 1561 his

211 1600 317 1651 uerbis:
336 1601 406 1649 ‘uti
424 1636 432 1653 .
451 1641 458 1653 .
477 1603 495 1653 .’
530 1600 599 1651 lust.
620 1599 688 1649 lust.
706 1598 785 1649 1122
803 1614 843 1664 pr.
864 1596 943 1648 ‘Cum
962 1598 1034 1647 cuim
1053 1597 1117 1648 olim
1134 1596 1196 1664 lege
1215 1597 1359 1647 duodecim
1426 1648 1431 1656 ,

210 1683 369 1737 tabularum
392 1684 483 1735 libera
509 1681 570 1735 erat
591 1683 705 1749 legendi
723 1687 863 1749 potestne,
882 1688 912 1732 ut
929 1682 1031 1732 liceret
1054 1683 1099 1733 uel
1123 1688 1209 1734 totum
1226 1683 1359 1749 putrimo-

210 1770 286 1821 uium
308 1769 411 1835 legatis
436 1783 564 1835 erogare:
586 1770 687 1835 quippe
706 1784 740 1820 ea
761 1768 824 1833 lege
847 1768 888 1817 ita
912 1774 1023 1817 cautum
1042 1774 1085 1818 est
1105 1769 1170 1819 ‘uti
1183 1806 1189 1819 .
1204 1807 1209 1817 .
1224 1772 1242 1817 .’
1279 1766 1359 1819 Ροια-

211 1871 275 1922 pon.
294 1854 351 1908 l.V
370 1852 405 1905 nd
424 1854 457 1917 Q.
477 1854 606 1905 Mucium.
624 1854 689 1919 Dig.
703 1854 746 1914 60,
767 1856 808 1917 lli,
828 1855 877 1903 120
896 1852 1007 1903 ‘Verbis
1026 1852 1096 1919 legis
1115 1853 1259 1904 duedecim
1278 1852 1360 1903 tabu-

211 1940 301 1991 larum
318 1938 363 1989 his
382 1939 448 1989 ‘uti
466 1978 473 1993 .
495 1977 501 1988 .
521 1978 527 1989 .
546 1938 687 1989 latissima
704 1941 829 2004 potestas
847 1937 954 1988 tributa
972 1935 1081 1989 uidetur
1105 1942 1133 1989 et
1151 1936 1260 1989 heredis
1278 1936 1357 1989 insti-

211 2024 308 2075 tuendi
321 2028 350 2073 at
361 2022 458 2090 legate
476 2026 505 2074 et
521 2022 664 2073 libertatis
682 2022 776 2085 dandi,
794 2021 898 2072 tutelas
917 2038 1024 2088 quoque
1044 2020 1240 2073 constituendi’
1259 2038 1282 2075 ο.
1297 2036 1321 2087 q.
1335 2036 1358 2071 s.

211 2108 319 2163 Novell.
336 2108 406 2165 Inst.
425 2110 473 2171 22,
492 2110 508 2159 2
526 2122 566 2172 pr.
590 2104 781 2170 νομοθετείτω
801 2105 852 2170 μὲν
874 2105 928 2171 γὰρ
946 2105 1061 2159 duceret
1080 2106 1125 2159 tul
1144 2110 1203 2158 τοῖς
1222 2094 1310 2157 αὑτοῦ
1322 2104 1359 2157 τὰ

211 2190 322 2257 exem,
345 2192 391 2243 καὶ
414 2190 487 2244 ἔετω
510 2191 597 2254 νόμος
620 2190 638 2255 ἡ
657 2190 765 2243 τούτου
784 2189 886 2255 βουλή,
910 2190 1037 2255 καθάπερ
1060 2190 1104 2241 καὶ
1129 2190 1145 2242 ὁ
1169 2190 1359 2242 παλαιότατος

211 2276 281 2341 ἡμῖν
298 2279 360 2328 τῶν
378 2275 477 2339 νόμων
500 2276 546 2328 καὶ
565 2278 679 2340 πρῶτος
698 2274 797 2341 (χεδὸν
819 2275 875 2339 τὴν
898 2274 1044 2327 πολιτείαν
1062 2272 1208 2338 Ῥωμαίοις
1230 2274 1358 2327 διατάξαι

210 2362 278 2428 φητί
297 2360 404 2428 (φαμὲν
420 2359 451 2411 δὲ
468 2359 522 2411 τὸν
539 2359 773 2425 ὁυοδεκάδελτον)
791 2358 864 2412 κατὰ
875 2359 931 2423 τὴν
943 2358 1062 2424 ἀρχαίαν
1079 2360 1125 2411 καί
1138 2358 1257 2425 πάτριον
1269 2360 1359 2423 γλῶτ-

212 2460 266 2499 ταν
283 2444 388 2498 οὕτωεί
406 2460 463 2498 που
482 2444 575 2508 λέγων
593 2447 659 2496 ‘uti
673 2489 679 2501 .
694 2484 700 2495 .
715 2450 734 2496 .’
768 2445 849 2498 Rhet.
871 2444 905 2495 ad
925 2445 1073 2496 Herenni
1093 2448 1133 2507 13,
1153 2446 1186 2497 23
1205 2446 1257 2495 ‘Ex
1275 2444 1358 2495 ratio·

213 2533 354 2583 cinctione
374 2532 567 2583 controuersia
587 2534 710 2592 constat,
730 2545 790 2581 cum
814 2545 859 2580 res
882 2532 943 2582 sine
961 2530 1073 2595 propria
1091 2528 1154 2595 lege
1176 2530 1254 2580 uenit
1271 2530 1300 2579 in
1317 2530 1359 2579 iu-

211 2616 328 2681 dicium,
353 2632 424 2683 quse
448 2621 542 2667 tamen
567 2616 602 2666 sb
625 2616 691 2667 aliis
718 2614 828 2681 legibue
851 2612 1031 2665 similitudine
1055 2614 1173 2679 quadem
1199 2619 1359 2679 occupetur.

211 2700 255 2753 Ea
274 2707 318 2754 est
335 2701 416 2752 buius
434 2700 523 2751 modi:
547 2701 607 2753 Lex
627 2698 691 2767 [est]
799 2704 828 2749 et
844 2698 905 2749 lex:
929 2698 1209 2756 ‘Paterfamilias
1234 2700 1282 2751 uti
1297 2737 1303 2749 .
1318 2736 1324 2748 .
1339 2703 1357 2753 .’

212 2786 329 2850 (Eadem
348 2802 393 2852 sp.
412 2785 470 2836 Cic.
489 2786 523 2836 db
540 2786 600 2837 Inu.
620 2786 712 2849 1150,
733 2785 782 2835 148
805 2784 859 2835 ‘Ex
877 2784 1090 2835 ratiocinatione
1109 2786 1234 2835 nuscitur
1252 2791 1359 2835 contro·

149 2889 156 2899 ’
210 2873 318 2938 uersis,
336 2887 398 2923 cum
417 2888 451 2923 ex
470 2888 503 2923 eo
522 2870 595 2937 quod
612 2871 722 2937 uspiam
742 2872 799 2934 est,
818 2868 900 2919 adid
923 2868 995 2934 quod
1013 2884 1146 2935 nusquam
1164 2872 1360 2935 scriptumest

209 2958 320 3007 uenitur
338 2957 390 3009 boc
408 2962 506 3023 pacto:
525 2959 584 3008 Lex
604 2996 611 3009 .
631 2993 637 3005 .
658 2995 666 3009 .
685 2962 713 3005 et
731 2954 789 3004 lex:
809 2953 1090 3005 ‘Paterfamilias
1109 2956 1160 3005 uti
1175 2944 1229 3018 .‘.')
1254 2954 1358 3005 Paulus

210 3034 314 3092 1.th
332 3042 367 3092 ad
385 3040 523 3093 Edictum.
543 3042 606 3107 Dig.
625 3042 668 3107 bd,
688 3041 729 3099 lli,
748 3040 781 3090 53
798 3054 839 3105 pr.
863 3038 964 3105 ‘Saepe
987 3040 1027 3090 ita
1046 3043 1235 3107 comparatum
1253 3028 1309 3103 est,
1328 3045 1359 3089 ut

211 3127 361 3177 coniuncta
378 3142 427 3193 pro
445 3126 594 3178 disiunctis
612 3124 788 3191 accipiantur
806 3128 835 3175 et
852 3123 994 3177 disiuncta
1011 3140 1061 3191 pro
1080 3124 1249 3187 coniunctis,
1273 3124 1358 3175 iuter-

296 3343 326 3401 3.
345 3344 389 3401 vti
403 3344 518 3419 degessit
538 3343 691 3416 prr'cnus.
708 3341 812 3413 Gaius,
828 3342 1018 3414 Pomponius,
1034 3340 1105 3399 Insl.
1122 3344 1204 3401 codd.
1221 3349 1295 3415 opt:
1316 3344 1357 3400 uti

211 3430 274 3503 quis
292 3428 311 3483 l.
330 3444 354 3485 s.
376 3431 437 3503 quis
453 3432 494 3485 uti
514 3428 569 3503 leg.
589 3444 613 3486 s.
632 3430 673 3485 nti
688 3428 741 3500 leg.
759 3426 821 3501 quis
836 3443 860 3482 s.
877 3429 917 3483 uti
934 3429 1050 3501 quisque
1065 3428 1119 3501 leg.
1134 3428 1208 3484 Inst.
1224 3428 1292 3483 libri
1305 3430 1356 3484 du.

209 3514 340 3588 (legasset
351 3511 495 3588 plerique)
513 3514 553 3570 uti
569 3513 624 3588 leg.
641 3515 759 3589 quisque
773 3511 881 3567 Novell.
945 3512 1140 3569 Paterfamilias
1156 3512 1195 3569 uti
1211 3543 1254 3554 —
1268 3512 1358 3585 legas·

208 3600 246 3654 sit
259 3598 311 3670 (ita
329 3596 385 3656 Cic.
398 3598 494 3655 Poris.
508 3597 569 3671 pr.)
584 3614 607 3655 s.
621 3600 742 3674 legasset
752 3594 940 3667 (Trossr'enus
953 3590 1050 3669 Par.²)
1062 3614 1085 3654 s.
1099 3598 1233 3672 ingruerit
1244 3596 1355 3671 (Turio.

210 3684 311 3739 Bomb.
323 3701 387 3741 cum
402 3685 484 3741 codd.
498 3682 594 3756 libet.)
609 3686 712 3741 ceteris
726 3685 903 3753 interpositis
917 3680 1015 3739 Cicero
1030 3690 1056 3737 ct
1073 3683 1190 3741 libetur.
1213 3699 1295 3758 super
1310 3700 1356 3757 pe-

209 3764 292 3825 cunltl
307 3768 444 3827 tutelabae
465 3784 531 3825 suae
547 3770 587 3825 rei
607 3770 671 3842 Ulp.
687 3768 768 3824 cort:
788 3784 873 3841 super
887 3769 1018 3843 pecuniae
1041 3768 1177 3827 tutelaeue
1198 3786 1263 3825 suae
1279 3768 1357 3825 Pau·

209 3856 255 3910 lus
274 3855 352 3927 quod
377 3854 508 3927 defendit
535 3852 634 3911 Ouiae.
658 3858 690 3912 in
717 3853 813 3910 adnot.
840 3860 868 3909 et
894 3852 1063 3911 Huscbkius
1091 3853 1166 3911 Mus.
1192 3854 1274 3910 rben.
1299 3858 1356 3912 ίαν.

216 3938 277 3996 VII
282 3957 314 4011 p.
330 3943 367 3995 ⁶7
388 3940 424 3996 cl.
441 3940 640 3997 Reddimcnni
655 3940 781 3997 Gromm.
806 3940 857 3996 let.
879 3943 944 3996 inst.
965 3938 1003 3995 ΙΙ
1021 3942 1078 3995 335
1095 3938 1195 3997 Stallb.
1217 3940 1252 3995 de
1265 3956 1357 4014 -super

209 4042 233 4081 c.
247 4030 341 4097 penei.
365 4042 449 4099 super
467 4025 569 4081 familia
585 4028 735 4101 pecuniane
753 4041 802 4080 sua
820 4023 905 4082 eret.
931 4028 959 4080 et
979 4023 1035 4081 Cic.
1057 4040 1122 4083 strae
1139 4027 1178 4081 rei
1197 4023 1240 4095 (de
1260 4042 1289 4081 re
1307 4042 1356 4081 sua

213 4108 295 4181 Nee.)
310 4114 420 4167 omissis
433 4116 481 4168 cu.
498 4110 588 4167 Gaius
598 4111 773 4184 Pomponius
788 4108 861 4165 Inst.
875 4110 945 4167 Noe.
958 4110 1099 4181 probonts
1116 4126 1181 4166 eam
1197 4110 1233 4165 al.
1248 4108 1355 4167 Schra-

211 4194 491 4253 derondInst.l.l.
519 4212 543 4251 s.
559 4214 585 4270 p.
602 4204 624 4253 t.
640 4212 725 4255 suaue
740 4212 770 4251 re
786 4195 872 4267 Hupe
887 4192 927 4251 H.
943 4194 970 4251 I.
981 4209 1015 4265 ρ’.
1033 4198 1089 4250 166
1106 4198 1162 4263 (ed.
1179 4199 1220 4262 8).
1250 4214 1274 4251 s.
1290 4212 1316 4269 p.
1334 4203 1355 4251 t.

209 4298 258 4337 sua
273 4280 366 4336 Noedt
382 4279 460 4336 Obss.
476 4278 514 4335 ΙΙ
527 4282 569 4338 19.
590 4296 673 4355 super
687 4280 788 4337 familia
803 4281 918 4353 pecunia
934 4279 1054 4335 tutelone
1070 4297 1135 4337 suae
1151 4282 1190 4337 rel
1202 4288 1269 4351 post
1285 4281 1356 4337 elios

209 4382 257 4443 ep,
273 4365 417 4422 Merulam
429 4365 597 4421 Huscblrius
611 4368 630 4422 l.
643 4368 661 4422 l.
678 4365 933 4437 sesquimedia
955 4363 1068 4437 Ulpiani
1082 4368 1190 4437 recepit
1212 4364 1354 4423 Boecln'n-

208 4456 273 4523 pr'us
287 4452 456 4522 obloquente
472 4448 622 4507 Husctlcr'o
635 4455 699 4522 ipso
713 4456 743 4507 in
758 4451 804 4506 ed.
821 4448 884 4521 Uip
940 4466 1005 4505 suae
1021 4451 1060 4505 rei
1076 4452 1199 4509 datiuum
1212 4457 1289 4507 recte
1304 4465 1354 4507 ex·

205 4538 298 4609 plicat
314 4535 497 4609 Srln'llinpius
511 4537 542 4592 r'n
557 4536 629 4593 obss.
646 4537 681 4593 de
696 4536 760 4592 laist.
775 4537 833 4593 ίαν.
850 4551 921 4592 rom.
936 4551 967 4607 p.
985 4537 1031 4593 97.
