<?xml version="1.0" encoding="UTF-8"?>
<!DOCTYPE html PUBLIC "-//W3C//DTD XHTML 1.0 Transitional//EN"
    "http://www.w3.org/TR/xhtml1/DTD/xhtml1-transitional.dtd">
<html xmlns="http://www.w3.org/1999/xhtml" xml:lang="en" lang="en">
 <head>
  <title>
</title>
<meta http-equiv="Content-Type" content="text/html;charset=utf-8" />
  <meta name='ocr-system' content='tesseract 3.04.00' />
  <meta name='ocr-capabilities' content='ocr_page ocr_carea ocr_par ocr_line ocrx_word'/>
</head>
<body>
  <div class='ocr_page' id='page_1' title='image "./legisdvodecimta01schgoog_0183.png"; bbox 0 0 3409 5409; ppageno 0'>
   <div class='ocr_carea' id='block_1_1' title="bbox 351 560 1197 637">
    <p class='ocr_par' dir='ltr' id='par_1_1' title="bbox 351 560 1197 637">
     <span class='ocr_line' id='line_1_1' title="bbox 351 560 1197 637; baseline 0.006 -7"><span class='ocrx_word' id='word_1_1' title='bbox 351 560 413 631; x_wconf 80' lang='lat'><strong>164</strong></span> <span class='ocrx_word' id='word_1_2' title='bbox 649 576 824 635; x_wconf 79' lang='lat' dir='ltr'><strong>tncuamn</strong></span> <span class='ocrx_word' id='word_1_3' title='bbox 848 586 948 637; x_wconf 83' lang='lat' dir='ltr'><strong>sunrs</strong></span> <span class='ocrx_word' id='word_1_4' title='bbox 972 582 1197 637; x_wconf 77' lang='lat' dir='ltr'><strong>ransusnrs.</strong></span> 
     </span>
    </p>
   </div>
   <div class='ocr_carea' id='block_1_2' title="bbox 348 741 1497 1229">
    <p class='ocr_par' dir='ltr' id='par_1_2' title="bbox 348 741 1497 1229">
     <span class='ocr_line' id='line_1_2' title="bbox 435 741 1496 923; baseline 0.006 -20"><span class='ocrx_word' id='word_1_5' title='bbox 435 838 550 904; x_wconf 81' lang='lat' dir='ltr'><strong>Cicero</strong></span> <span class='ocrx_word' id='word_1_6' title='bbox 574 839 615 905; x_wconf 88' lang='lat' dir='ltr'><strong>de</strong></span> <span class='ocrx_word' id='word_1_7' title='bbox 636 840 689 907; x_wconf 85' lang='lat' dir='ltr'><strong>off.</strong></span> <span class='ocrx_word' id='word_1_8' title='bbox 712 840 767 906; x_wconf 94' lang='lat' dir='ltr'><strong>III</strong></span> <span class='ocrx_word' id='word_1_9' title='bbox 788 842 848 923; x_wconf 87' lang='lat'><strong>31,</strong></span> <span class='ocrx_word' id='word_1_10' title='bbox 874 741 933 907; x_wconf 78' lang='grc'>1161</span> <span class='ocrx_word' id='word_1_11' title='bbox 962 841 1114 907; x_wconf 76' lang='lat' dir='ltr'><strong>‘Nullum</strong></span> <span class='ocrx_word' id='word_1_12' title='bbox 1143 844 1229 908; x_wconf 90' lang='lat' dir='ltr'><strong>enim</strong></span> <span class='ocrx_word' id='word_1_13' title='bbox 1255 841 1425 909; x_wconf 86' lang='lat' dir='ltr'><strong>uinculum</strong></span> <span class='ocrx_word' id='word_1_14' title='bbox 1452 842 1496 909; x_wconf 86' lang='lat' dir='ltr'><strong>ad</strong></span> 
     </span>
     <span class='ocr_line' id='line_1_3' title="bbox 349 940 1495 1026; baseline 0.006 -23"><span class='ocrx_word' id='word_1_15' title='bbox 349 940 620 1026; x_wconf 81' lang='lat' dir='ltr'><strong>adstringendum</strong></span> <span class='ocrx_word' id='word_1_16' title='bbox 642 942 740 1008; x_wconf 88' lang='lat' dir='ltr'><strong>fidem</strong></span> <span class='ocrx_word' id='word_1_17' title='bbox 762 943 972 1009; x_wconf 86' lang='lat' dir='ltr'><strong>iureiurando</strong></span> <span class='ocrx_word' id='word_1_18' title='bbox 996 946 1136 1010; x_wconf 85' lang='lat' dir='ltr'><strong>maiores</strong></span> <span class='ocrx_word' id='word_1_19' title='bbox 1158 946 1262 1011; x_wconf 87' lang='lat' dir='ltr'><strong>artius</strong></span> <span class='ocrx_word' id='word_1_20' title='bbox 1285 968 1358 1010; x_wconf 88' lang='lat' dir='ltr'><strong>csse</strong></span> <span class='ocrx_word' id='word_1_21' title='bbox 1385 944 1495 1010; x_wconf 86' lang='lat' dir='ltr'><strong>uolue-</strong></span> 
     </span>
     <span class='ocr_line' id='line_1_4' title="bbox 348 1041 1497 1130; baseline 0.005 -24"><span class='ocrx_word' id='word_1_22' title='bbox 348 1052 435 1107; x_wconf 88' lang='lat' dir='ltr'><strong>runt.</strong></span> <span class='ocrx_word' id='word_1_23' title='bbox 479 1041 521 1106; x_wconf 93' lang='lat' dir='ltr'><em>Id</em></span> <span class='ocrx_word' id='word_1_24' title='bbox 542 1044 691 1109; x_wconf 89' lang='lat' dir='ltr'><strong>indicant</strong></span> <span class='ocrx_word' id='word_1_25' title='bbox 718 1042 808 1129; x_wconf 88' lang='lat' dir='ltr'><strong>leges</strong></span> <span class='ocrx_word' id='word_1_26' title='bbox 836 1047 872 1109; x_wconf 92' lang='lat' dir='ltr'><strong>in</strong></span> <span class='ocrx_word' id='word_1_27' title='bbox 893 1044 965 1111; x_wconf 90' lang='lat' dir='ltr'><strong>XII</strong></span> <span class='ocrx_word' id='word_1_28' title='bbox 987 1046 1127 1130; x_wconf 88' lang='lat' dir='ltr'><strong>tabulis,</strong></span> <span class='ocrx_word' id='word_1_29' title='bbox 1156 1047 1305 1112; x_wconf 88' lang='lat' dir='ltr'><strong>indicant</strong></span> <span class='ocrx_word' id='word_1_30' title='bbox 1332 1055 1497 1112; x_wconf 84' lang='lat' dir='ltr'><strong>sacratae’</strong></span> 
     </span>
     <span class='ocr_line' id='line_1_5' title="bbox 348 1166 466 1229; baseline 0 -22"><span class='ocrx_word' id='word_1_31' title='bbox 348 1166 375 1207; x_wconf 87' lang='lat' dir='ltr'><strong>e.</strong></span> <span class='ocrx_word' id='word_1_32' title='bbox 393 1166 423 1229; x_wconf 91' lang='lat' dir='ltr'><strong>q.</strong></span> <span class='ocrx_word' id='word_1_33' title='bbox 441 1167 466 1207; x_wconf 89' lang='lat' dir='ltr'><strong>s.</strong></span> 
     </span>
    </p>
   </div>
   <div class='ocr_carea' id='block_1_3' title="bbox 432 1251 905 1313">
    <p class='ocr_par' dir='ltr' id='par_1_3' title="bbox 432 1251 905 1313">
     <span class='ocr_line' id='line_1_6' title="bbox 432 1251 905 1313; baseline 0.008 -4"><span class='ocrx_word' id='word_1_34' title='bbox 432 1251 486 1310; x_wconf 83' lang='lat' dir='ltr'><strong>Fr.</strong></span> <span class='ocrx_word' id='word_1_35' title='bbox 519 1251 601 1311; x_wconf 89' lang='lat' dir='ltr'><em>VIII</em></span> <span class='ocrx_word' id='word_1_36' title='bbox 619 1258 657 1311; x_wconf 83' lang='lat'><strong>23</strong></span> <span class='ocrx_word' id='word_1_37' title='bbox 678 1252 782 1313; x_wconf 76' lang='lat' dir='ltr'><em>tribuit</em></span> <span class='ocrx_word' id='word_1_38' title='bbox 801 1252 905 1313; x_wconf 69' lang='lat' dir='ltr'><strong>Duas.</strong></span> 
     </span>
    </p>
   </div>
   <div class='ocr_carea' id='block_1_4' title="bbox 431 1385 1496 1575">
    <p class='ocr_par' dir='ltr' id='par_1_4' title="bbox 431 1385 1496 1575">
     <span class='ocr_line' id='line_1_7' title="bbox 431 1385 1496 1575; baseline 0.005 -26"><span class='ocrx_word' id='word_1_39' title='bbox 431 1485 639 1570; x_wconf 84' lang='lat' dir='ltr'>Augustinus</span> <span class='ocrx_word' id='word_1_40' title='bbox 662 1483 703 1550; x_wconf 92' lang='lat' dir='ltr'><strong>de</strong></span> <span class='ocrx_word' id='word_1_41' title='bbox 719 1484 782 1550; x_wconf 89' lang='lat' dir='ltr'><strong>ciu.</strong></span> <span class='ocrx_word' id='word_1_42' title='bbox 798 1486 864 1551; x_wconf 91' lang='lat' dir='ltr'><strong>Dei</strong></span> <span class='ocrx_word' id='word_1_43' title='bbox 879 1385 968 1551; x_wconf 70' lang='lat' dir='ltr'><strong>&gt;diu</strong></span> <span class='ocrx_word' id='word_1_44' title='bbox 990 1487 1028 1551; x_wconf 92' lang='lat'><strong>11</strong></span> <span class='ocrx_word' id='word_1_45' title='bbox 1051 1485 1152 1553; x_wconf 76' lang='lat' dir='ltr'><strong>‘Octo</strong></span> <span class='ocrx_word' id='word_1_46' title='bbox 1174 1508 1296 1571; x_wconf 84' lang='lat' dir='ltr'><strong>genera</strong></span> <span class='ocrx_word' id='word_1_47' title='bbox 1317 1510 1496 1575; x_wconf 87' lang='lat' dir='ltr'><strong>poenarum</strong></span> 
     </span>
    </p>
   </div>
   <div class='ocr_carea' id='block_1_5' title="bbox 346 1584 1495 2285">
    <p class='ocr_par' dir='ltr' id='par_1_5' title="bbox 346 1584 1495 2285">
     <span class='ocr_line' id='line_1_8' title="bbox 347 1584 1495 1673; baseline 0.007 -25"><span class='ocrx_word' id='word_1_48' title='bbox 347 1585 383 1649; x_wconf 93' lang='lat' dir='ltr'><strong>in</strong></span> <span class='ocrx_word' id='word_1_49' title='bbox 404 1584 532 1671; x_wconf 87' lang='lat' dir='ltr'><strong>legibus</strong></span> <span class='ocrx_word' id='word_1_50' title='bbox 555 1609 628 1651; x_wconf 87' lang='lat' dir='ltr'><strong>esse</strong></span> <span class='ocrx_word' id='word_1_51' title='bbox 651 1587 767 1653; x_wconf 83' lang='lat' dir='ltr'><strong>scribit</strong></span> <span class='ocrx_word' id='word_1_52' title='bbox 789 1586 932 1653; x_wconf 90' lang='lat' dir='ltr'><strong>Tullius:</strong></span> <span class='ocrx_word' id='word_1_53' title='bbox 963 1588 1137 1671; x_wconf 92' lang='lat' dir='ltr'><strong>damnum,</strong></span> <span class='ocrx_word' id='word_1_54' title='bbox 1168 1589 1315 1672; x_wconf 90' lang='lat' dir='ltr'><strong>uincula,</strong></span> <span class='ocrx_word' id='word_1_55' title='bbox 1343 1592 1495 1673; x_wconf 86' lang='lat' dir='ltr'><strong>uerbera,</strong></span> 
     </span>
     <span class='ocr_line' id='line_1_9' title="bbox 346 1688 1495 1775; baseline 0.004 -23"><span class='ocrx_word' id='word_1_56' title='bbox 346 1688 518 1770; x_wconf 90' lang='lat' dir='ltr'><strong>talionem,</strong></span> <span class='ocrx_word' id='word_1_57' title='bbox 552 1688 783 1773; x_wconf 82' lang='lat' dir='ltr'><strong>ignominiam,</strong></span> <span class='ocrx_word' id='word_1_58' title='bbox 813 1688 965 1773; x_wconf 85' lang='lat' dir='ltr'><strong>exilium,</strong></span> <span class='ocrx_word' id='word_1_59' title='bbox 992 1701 1146 1773; x_wconf 89' lang='lat' dir='ltr'><strong>mortem,</strong></span> <span class='ocrx_word' id='word_1_60' title='bbox 1182 1694 1400 1757; x_wconf 66' lang='lat' dir='ltr'><strong>seruitutem!</strong></span> <span class='ocrx_word' id='word_1_61' title='bbox 1436 1693 1495 1775; x_wconf 91' lang='lat' dir='ltr'><strong>(id.</strong></span> 
     </span>
     <span class='ocr_line' id='line_1_10' title="bbox 347 1789 694 1874; baseline 0.003 -20"><span class='ocrx_word' id='word_1_62' title='bbox 347 1789 467 1855; x_wconf 87' lang='lat' dir='ltr'><strong>Isidor.</strong></span> <span class='ocrx_word' id='word_1_63' title='bbox 490 1792 549 1856; x_wconf 92' lang='lat' dir='ltr'><strong>Or.</strong></span> <span class='ocrx_word' id='word_1_64' title='bbox 575 1789 604 1855; x_wconf 78' lang='lat' dir='ltr'>V</span> <span class='ocrx_word' id='word_1_65' title='bbox 626 1790 694 1874; x_wconf 78' lang='grc'>27.)</span> 
     </span>
     <span class='ocr_line' id='line_1_11' title="bbox 892 1893 954 1958; baseline -0.016 0"><span class='ocrx_word' id='word_1_66' title='bbox 892 1898 911 1935; x_wconf 81' lang='grc'>*</span> <span class='ocrx_word' id='word_1_67' title='bbox 923 1893 954 1958; x_wconf 88' lang='grc'><strong>8.</strong></span> 
     </span>
     <span class='ocr_line' id='line_1_12' title="bbox 432 1992 1495 2075; baseline 0.005 -17"><span class='ocrx_word' id='word_1_68' title='bbox 432 1992 558 2059; x_wconf 78' lang='lat' dir='ltr'><strong>Plinius</strong></span> <span class='ocrx_word' id='word_1_69' title='bbox 586 1993 628 2057; x_wconf 89' lang='lat' dir='ltr'><strong>N.</strong></span> <span class='ocrx_word' id='word_1_70' title='bbox 649 1993 692 2059; x_wconf 92' lang='lat' dir='ltr'><strong>H.</strong></span> <span class='ocrx_word' id='word_1_71' title='bbox 713 1993 783 2060; x_wconf 89' lang='lat' dir='ltr'><strong>VH</strong></span> <span class='ocrx_word' id='word_1_72' title='bbox 810 1994 866 2075; x_wconf 84' lang='lat'><strong>60,</strong></span> <span class='ocrx_word' id='word_1_73' title='bbox 894 1995 958 2059; x_wconf 91' lang='grc'><strong>212</strong></span> <span class='ocrx_word' id='word_1_74' title='bbox 991 1995 1193 2063; x_wconf 74' lang='lat' dir='ltr'><strong>‘Duodecim</strong></span> <span class='ocrx_word' id='word_1_75' title='bbox 1219 1996 1347 2063; x_wconf 80' lang='lat' dir='ltr'><strong>tabulis</strong></span> <span class='ocrx_word' id='word_1_76' title='bbox 1382 2008 1495 2063; x_wconf 84' lang='lat' dir='ltr'><strong>ortus</strong></span> 
     </span>
     <span class='ocr_line' id='line_1_13' title="bbox 347 2097 1495 2185; baseline 0.002 -24"><span class='ocrx_word' id='word_1_77' title='bbox 347 2103 475 2161; x_wconf 84' lang='lat' dir='ltr'><strong>tantum</strong></span> <span class='ocrx_word' id='word_1_78' title='bbox 498 2106 531 2161; x_wconf 88' lang='lat' dir='ltr'><strong>et</strong></span> <span class='ocrx_word' id='word_1_79' title='bbox 553 2117 689 2160; x_wconf 82' lang='lat' dir='ltr'><strong>occasus</strong></span> <span class='ocrx_word' id='word_1_80' title='bbox 712 2097 937 2181; x_wconf 79' lang='lat' dir='ltr'><strong>nominantur,</strong></span> <span class='ocrx_word' id='word_1_81' title='bbox 960 2107 1036 2183; x_wconf 87' lang='lat' dir='ltr'><strong>post</strong></span> <span class='ocrx_word' id='word_1_82' title='bbox 1063 2097 1189 2185; x_wconf 84' lang='lat' dir='ltr'><strong>aliquot</strong></span> <span class='ocrx_word' id='word_1_83' title='bbox 1216 2121 1318 2165; x_wconf 87' lang='lat' dir='ltr'><strong>annos</strong></span> <span class='ocrx_word' id='word_1_84' title='bbox 1347 2100 1495 2165; x_wconf 87' lang='lat' dir='ltr'><strong>adiectus</strong></span> 
     </span>
     <span class='ocr_line' id='line_1_14' title="bbox 347 2197 792 2285; baseline 0.009 -23"><span class='ocrx_word' id='word_1_85' title='bbox 347 2210 398 2264; x_wconf 86' lang='lat' dir='ltr'><strong>est</strong></span> <span class='ocrx_word' id='word_1_86' title='bbox 420 2208 453 2263; x_wconf 88' lang='lat' dir='ltr'><strong>et</strong></span> <span class='ocrx_word' id='word_1_87' title='bbox 473 2197 647 2263; x_wconf 88' lang='lat' dir='ltr'><strong>meridies&#39;</strong></span> <span class='ocrx_word' id='word_1_88' title='bbox 671 2220 699 2262; x_wconf 90' lang='lat' dir='ltr'><strong>e.</strong></span> <span class='ocrx_word' id='word_1_89' title='bbox 715 2221 746 2285; x_wconf 89' lang='lat' dir='ltr'><strong>q.</strong></span> <span class='ocrx_word' id='word_1_90' title='bbox 764 2221 792 2268; x_wconf 70' lang='lat' dir='ltr'><strong>s..</strong></span> 
     </span>
    </p>
   </div>
   <div class='ocr_carea' id='block_1_6' title="bbox 346 2434 1495 3020">
    <p class='ocr_par' dir='ltr' id='par_1_6' title="bbox 346 2434 1495 2929">
     <span class='ocr_line' id='line_1_15' title="bbox 432 2434 1493 2519; baseline 0.001 -18"><span class='ocrx_word' id='word_1_91' title='bbox 432 2436 537 2501; x_wconf 82' lang='lat' dir='ltr'><strong>Gaius</strong></span> <span class='ocrx_word' id='word_1_92' title='bbox 558 2434 680 2501; x_wconf 87' lang='lat' dir='ltr'><em>Inst.I</em></span> <span class='ocrx_word' id='word_1_93' title='bbox 710 2436 770 2499; x_wconf 87' lang='grc'><strong>122</strong></span> <span class='ocrx_word' id='word_1_94' title='bbox 798 2435 896 2499; x_wconf 85' lang='lat' dir='ltr'><strong>‘ldeo</strong></span> <span class='ocrx_word' id='word_1_95' title='bbox 925 2446 1035 2501; x_wconf 87' lang='lat' dir='ltr'><strong>autem</strong></span> <span class='ocrx_word' id='word_1_96' title='bbox 1063 2458 1118 2501; x_wconf 87' lang='lat' dir='ltr'><strong>aes</strong></span> <span class='ocrx_word' id='word_1_97' title='bbox 1142 2445 1174 2502; x_wconf 85' lang='lat' dir='ltr'><strong>et</strong></span> <span class='ocrx_word' id='word_1_98' title='bbox 1200 2436 1286 2503; x_wconf 88' lang='lat' dir='ltr'><strong>libra</strong></span> <span class='ocrx_word' id='word_1_99' title='bbox 1307 2436 1493 2519; x_wconf 82' lang='lat' dir='ltr'><strong>adhibetur,</strong></span> 
     </span>
     <span class='ocr_line' id='line_1_16' title="bbox 346 2536 1495 2625; baseline 0.002 -23"><span class='ocrx_word' id='word_1_100' title='bbox 346 2539 426 2625; x_wconf 86' lang='lat' dir='ltr'><strong>quia</strong></span> <span class='ocrx_word' id='word_1_101' title='bbox 448 2536 526 2603; x_wconf 92' lang='lat' dir='ltr'><strong>olim</strong></span> <span class='ocrx_word' id='word_1_102' title='bbox 549 2537 653 2602; x_wconf 86' lang='lat' dir='ltr'><strong>aereis</strong></span> <span class='ocrx_word' id='word_1_103' title='bbox 676 2548 804 2603; x_wconf 90' lang='lat' dir='ltr'><strong>tantum</strong></span> <span class='ocrx_word' id='word_1_104' title='bbox 825 2538 966 2601; x_wconf 87' lang='lat' dir='ltr'><strong>nummis</strong></span> <span class='ocrx_word' id='word_1_105' title='bbox 989 2538 1184 2620; x_wconf 87' lang='lat' dir='ltr'><strong>utebantur,</strong></span> <span class='ocrx_word' id='word_1_106' title='bbox 1213 2548 1246 2603; x_wconf 89' lang='lat' dir='ltr'><strong>et</strong></span> <span class='ocrx_word' id='word_1_107' title='bbox 1274 2549 1369 2603; x_wconf 87' lang='lat' dir='ltr'><strong>erant</strong></span> <span class='ocrx_word' id='word_1_108' title='bbox 1391 2560 1495 2622; x_wconf 84' lang='lat' dir='ltr'><strong>asses,</strong></span> 
     </span>
     <span class='ocr_line' id='line_1_17' title="bbox 348 2638 1494 2726; baseline -0.001 -22"><span class='ocrx_word' id='word_1_109' title='bbox 348 2639 523 2726; x_wconf 88' lang='lat' dir='ltr'><strong>dupondii,</strong></span> <span class='ocrx_word' id='word_1_110' title='bbox 546 2640 700 2703; x_wconf 81' lang='lat' dir='ltr'><strong>semisses</strong></span> <span class='ocrx_word' id='word_1_111' title='bbox 730 2649 763 2704; x_wconf 87' lang='lat' dir='ltr'><strong>et</strong></span> <span class='ocrx_word' id='word_1_112' title='bbox 784 2638 1002 2726; x_wconf 85' lang='lat' dir='ltr'><strong>quadrantes,</strong></span> <span class='ocrx_word' id='word_1_113' title='bbox 1025 2660 1086 2703; x_wconf 90' lang='lat' dir='ltr'><strong>nec</strong></span> <span class='ocrx_word' id='word_1_114' title='bbox 1108 2639 1193 2703; x_wconf 91' lang='lat' dir='ltr'><strong>ullus</strong></span> <span class='ocrx_word' id='word_1_115' title='bbox 1222 2660 1340 2704; x_wconf 87' lang='lat' dir='ltr'><strong>aureus</strong></span> <span class='ocrx_word' id='word_1_116' title='bbox 1367 2640 1420 2705; x_wconf 87' lang='lat' dir='ltr'><strong>uel</strong></span> <span class='ocrx_word' id='word_1_117' title='bbox 1443 2662 1494 2705; x_wconf 87' lang='lat' dir='ltr'><strong>ar·</strong></span> 
     </span>
     <span class='ocr_line' id='line_1_18' title="bbox 347 2739 1493 2827; baseline -0.001 -21"><span class='ocrx_word' id='word_1_118' title='bbox 347 2750 483 2827; x_wconf 89' lang='lat' dir='ltr'><strong>genteus</strong></span> <span class='ocrx_word' id='word_1_119' title='bbox 506 2741 718 2806; x_wconf 87' lang='lat' dir='ltr'><strong>nummus·in</strong></span> <span class='ocrx_word' id='word_1_120' title='bbox 739 2764 802 2805; x_wconf 94' lang='lat' dir='ltr'><strong>usu</strong></span> <span class='ocrx_word' id='word_1_121' title='bbox 829 2751 918 2823; x_wconf 90' lang='lat' dir='ltr'><strong>erat,</strong></span> <span class='ocrx_word' id='word_1_122' title='bbox 948 2741 1066 2805; x_wconf 83' lang='lat' dir='ltr'><strong>sicnt&#39;</strong></span> <span class='ocrx_word' id='word_1_123' title='bbox 1085 2764 1132 2805; x_wconf 86' lang='lat' dir='ltr'><strong>cx</strong></span> <span class='ocrx_word' id='word_1_124' title='bbox 1160 2739 1249 2825; x_wconf 88' lang='lat' dir='ltr'><strong>lege</strong></span> <span class='ocrx_word' id='word_1_125' title='bbox 1272 2740 1355 2807; x_wconf 89' lang='lat' dir='ltr'><strong>XII</strong></span> <span class='ocrx_word' id='word_1_126' title='bbox 1376 2742 1493 2807; x_wconf 86' lang='lat' dir='ltr'><strong>tabu-</strong></span> 
     </span>
     <span class='ocr_line' id='line_1_19' title="bbox 347 2841 1136 2929; baseline -0.001 -23"><span class='ocrx_word' id='word_1_127' title='bbox 347 2843 474 2908; x_wconf 90' lang='lat' dir='ltr'><strong>larum</strong></span> <span class='ocrx_word' id='word_1_128' title='bbox 495 2841 740 2927; x_wconf 84' lang='lat' dir='ltr'><strong>intellegere</strong></span> <span class='ocrx_word' id='word_1_129' title='bbox 761 2849 991 2928; x_wconf 86' lang='lat' dir='ltr'><strong>possumus&#39;</strong></span> <span class='ocrx_word' id='word_1_130' title='bbox 1019 2864 1045 2906; x_wconf 90' lang='lat' dir='ltr'><strong>e.</strong></span> <span class='ocrx_word' id='word_1_131' title='bbox 1063 2864 1092 2929; x_wconf 90' lang='lat' dir='ltr'><strong>q.</strong></span> <span class='ocrx_word' id='word_1_132' title='bbox 1111 2866 1136 2917; x_wconf 78' lang='lat'><strong>⁸.-</strong></span> 
     </span>
    </p>

    <p class='ocr_par' dir='ltr' id='par_1_7' title="bbox 432 2946 1494 3020">
     <span class='ocr_line' id='line_1_20' title="bbox 432 2946 1494 3020; baseline -0.001 -11"><span class='ocrx_word' id='word_1_133' title='bbox 432 2950 482 3009; x_wconf 78' lang='lat' dir='ltr'><strong>Ad</strong></span> <span class='ocrx_word' id='word_1_134' title='bbox 510 2949 590 3007; x_wconf 89' lang='lat' dir='ltr'><em>VIII</em></span> <span class='ocrx_word' id='word_1_135' title='bbox 611 2956 645 3006; x_wconf 82' lang='lat' dir='ltr'><em>Il</em></span> <span class='ocrx_word' id='word_1_136' title='bbox 671 2954 729 3008; x_wconf 84' lang='lat' dir='ltr'><strong>not.</strong></span> <span class='ocrx_word' id='word_1_137' title='bbox 751 2948 851 3007; x_wconf 81' lang='lat' dir='ltr'><strong>Dirlcs.</strong></span> <span class='ocrx_word' id='word_1_138' title='bbox 897 2946 940 3020; x_wconf 82' lang='lat' dir='ltr'><strong>cs.</strong></span> <span class='ocrx_word' id='word_1_139' title='bbox 970 2948 1168 3010; x_wconf 81' lang='lat' dir='ltr'><strong>Mommsenus</strong></span> <span class='ocrx_word' id='word_1_140' title='bbox 1195 2949 1234 3009; x_wconf 81' lang='lat' dir='ltr'><strong>de</strong></span> <span class='ocrx_word' id='word_1_141' title='bbox 1260 2966 1295 3009; x_wconf 84' lang='lat' dir='ltr'><strong>re</strong></span> <span class='ocrx_word' id='word_1_142' title='bbox 1323 2952 1494 3010; x_wconf 77' lang='lat' dir='ltr'><strong>nummaria</strong></span> 
     </span>
    </p>
   </div>
   <div class='ocr_carea' id='block_1_7' title="bbox 347 3051 944 3211">
    <p class='ocr_par' dir='ltr' id='par_1_8' title="bbox 347 3051 944 3211">
     <span class='ocr_line' id='line_1_21' title="bbox 347 3051 616 3127; baseline 0 -18"><span class='ocrx_word' id='word_1_143' title='bbox 347 3051 432 3112; x_wconf 83' lang='lat' dir='ltr'><strong>Rom.</strong></span> <span class='ocrx_word' id='word_1_144' title='bbox 449 3068 483 3127; x_wconf 82' lang='lat' dir='ltr'><strong>p.</strong></span> <span class='ocrx_word' id='word_1_145' title='bbox 501 3056 557 3109; x_wconf 78' lang='lat'><strong>1⁷5</strong></span> <span class='ocrx_word' id='word_1_146' title='bbox 572 3066 616 3124; x_wconf 82' lang='lat' dir='ltr'><strong>sq.</strong></span> 
     </span>
     <span class='ocr_line' id='line_1_22' title="bbox 639 3144 944 3211; baseline 0.003 -2"><span class='ocrx_word' id='word_1_147' title='bbox 639 3144 644 3151; x_wconf 80' lang='grc'>’</span> <span class='ocrx_word' id='word_1_148' title='bbox 895 3146 944 3211; x_wconf 91' lang='lat'><strong>10.</strong></span> 
     </span>
    </p>
   </div>
   <div class='ocr_carea' id='block_1_8' title="bbox 345 3246 1506 4287">
    <p class='ocr_par' dir='ltr' id='par_1_9' title="bbox 346 3246 1492 3541">
     <span class='ocr_line' id='line_1_23' title="bbox 433 3246 1492 3332; baseline 0.001 -18"><span class='ocrx_word' id='word_1_149' title='bbox 433 3250 537 3315; x_wconf 81' lang='lat' dir='ltr'><strong>Gaius</strong></span> <span class='ocrx_word' id='word_1_150' title='bbox 560 3248 580 3315; x_wconf 91' lang='lat' dir='ltr'><strong>l.</strong></span> <span class='ocrx_word' id='word_1_151' title='bbox 597 3248 629 3313; x_wconf 92' lang='lat' dir='ltr'>V</span> <span class='ocrx_word' id='word_1_152' title='bbox 652 3247 692 3312; x_wconf 90' lang='lat' dir='ltr'><strong>ad</strong></span> <span class='ocrx_word' id='word_1_153' title='bbox 716 3248 823 3332; x_wconf 92' lang='lat' dir='ltr'><strong>legem</strong></span> <span class='ocrx_word' id='word_1_154' title='bbox 838 3246 911 3312; x_wconf 91' lang='lat' dir='ltr'><strong>XII</strong></span> <span class='ocrx_word' id='word_1_155' title='bbox 925 3247 1016 3313; x_wconf 86' lang='lat' dir='ltr'><strong>tabb.</strong></span> <span class='ocrx_word' id='word_1_156' title='bbox 1039 3248 1083 3312; x_wconf 92' lang='lat' dir='ltr'><strong>D.</strong></span> <span class='ocrx_word' id='word_1_157' title='bbox 1098 3248 1151 3329; x_wconf 83' lang='lat'><strong>50,</strong></span> <span class='ocrx_word' id='word_1_158' title='bbox 1176 3248 1226 3332; x_wconf 90' lang='lat'><strong>16,</strong></span> <span class='ocrx_word' id='word_1_159' title='bbox 1249 3250 1311 3315; x_wconf 82' lang='grc'>237</span> <span class='ocrx_word' id='word_1_160' title='bbox 1333 3250 1492 3329; x_wconf 78' lang='lat' dir='ltr'><strong>‘Duobus</strong></span> 
     </span>
     <span class='ocr_line' id='line_1_24' title="bbox 346 3344 1491 3439; baseline 0 -24"><span class='ocrx_word' id='word_1_161' title='bbox 346 3344 510 3437; x_wconf 78' lang='lat' dir='ltr'><strong>negatinis</strong></span> <span class='ocrx_word' id='word_1_162' title='bbox 532 3351 642 3418; x_wconf 88' lang='lat' dir='ltr'><strong>uerbis</strong></span> <span class='ocrx_word' id='word_1_163' title='bbox 665 3350 759 3438; x_wconf 84' lang='lat' dir='ltr'><strong>quasi</strong></span> <span class='ocrx_word' id='word_1_164' title='bbox 779 3349 942 3437; x_wconf 84' lang='lat' dir='ltr'><strong>permittit</strong></span> <span class='ocrx_word' id='word_1_165' title='bbox 968 3348 1023 3415; x_wconf 88' lang='lat' dir='ltr'><strong>lex</strong></span> <span class='ocrx_word' id='word_1_166' title='bbox 1045 3352 1151 3435; x_wconf 84' lang='lat' dir='ltr'><strong>magis</strong></span> <span class='ocrx_word' id='word_1_167' title='bbox 1179 3373 1276 3437; x_wconf 87' lang='lat' dir='ltr'><strong>quam</strong></span> <span class='ocrx_word' id='word_1_168' title='bbox 1309 3350 1491 3439; x_wconf 75' lang='lat' dir='ltr'><strong>prohibuil3</strong></span> 
     </span>
     <span class='ocr_line' id='line_1_25' title="bbox 347 3450 1013 3541; baseline -0.002 -25"><span class='ocrx_word' id='word_1_169' title='bbox 347 3453 448 3541; x_wconf 87' lang='lat' dir='ltr'><strong>idque</strong></span> <span class='ocrx_word' id='word_1_170' title='bbox 470 3453 570 3519; x_wconf 87' lang='lat' dir='ltr'><strong>etiam</strong></span> <span class='ocrx_word' id='word_1_171' title='bbox 593 3453 727 3519; x_wconf 86' lang='lat' dir='ltr'><strong>Seruius</strong></span> <span class='ocrx_word' id='word_1_172' title='bbox 751 3450 1013 3517; x_wconf 64' lang='lat' dir='ltr'><strong>animaduertit?</strong></span> 
     </span>
    </p>

    <p class='ocr_par' dir='ltr' id='par_1_10' title="bbox 874 3588 957 3651">
     <span class='ocr_line' id='line_1_26' title="bbox 874 3588 957 3651; baseline 0 0"><span class='ocrx_word' id='word_1_173' title='bbox 874 3588 957 3651; x_wconf 79' lang='lat'><strong>*&#39;11.</strong></span> 
     </span>
    </p>

    <p class='ocr_par' dir='ltr' id='par_1_11' title="bbox 346 3688 1506 3858">
     <span class='ocr_line' id='line_1_27' title="bbox 432 3688 1506 3770; baseline 0.003 -16"><span class='ocrx_word' id='word_1_174' title='bbox 432 3690 483 3755; x_wconf 89' lang='lat' dir='ltr'><strong>Id.</strong></span> <span class='ocrx_word' id='word_1_175' title='bbox 505 3690 527 3755; x_wconf 95' lang='lat' dir='ltr'><strong>l.</strong></span> <span class='ocrx_word' id='word_1_176' title='bbox 543 3689 592 3756; x_wconf 93' lang='lat' dir='ltr'><em>VI</em></span> <span class='ocrx_word' id='word_1_177' title='bbox 612 3690 659 3757; x_wconf 90' lang='lat' dir='ltr'><strong>ib.</strong></span> <span class='ocrx_word' id='word_1_178' title='bbox 680 3690 744 3754; x_wconf 85' lang='grc'>238</span> <span class='ocrx_word' id='word_1_179' title='bbox 767 3692 787 3770; x_wconf 67' lang='grc' dir='ltr'><strong>ἕ</strong></span> <span class='ocrx_word' id='word_1_180' title='bbox 809 3690 826 3752; x_wconf 87' lang='lat'>1</span> <span class='ocrx_word' id='word_1_181' title='bbox 849 3688 1128 3755; x_wconf 74' lang='lat' dir='ltr'><strong>‘Detestatum</strong></span> <span class='ocrx_word' id='word_1_182' title='bbox 1154 3697 1205 3755; x_wconf 83' lang='lat' dir='ltr'><strong>est</strong></span> <span class='ocrx_word' id='word_1_183' title='bbox 1233 3692 1408 3759; x_wconf 85' lang='lat' dir='ltr'><strong>testatione</strong></span> <span class='ocrx_word' id='word_1_184' title='bbox 1436 3691 1506 3767; x_wconf 51' lang='lat' dir='ltr'><strong>der</strong></span> 
     </span>
     <span class='ocr_line' id='line_1_28' title="bbox 346 3792 557 3858; baseline -0.005 -2"><span class='ocrx_word' id='word_1_185' title='bbox 346 3792 557 3858; x_wconf 65' lang='lat' dir='ltr'><strong>nuntiatum!</strong></span> 
     </span>
    </p>

    <p class='ocr_par' dir='ltr' id='par_1_12' title="bbox 879 3892 1087 3984">
     <span class='ocr_line' id='line_1_29' title="bbox 879 3892 1087 3984; baseline 0 -27"><span class='ocrx_word' id='word_1_186' title='bbox 879 3892 959 3957; x_wconf 81' lang='grc'>*12</span> <span class='ocrx_word' id='word_1_187' title='bbox 1033 3968 1035 3973; x_wconf 40' lang='grc'>,</span> <span class='ocrx_word' id='word_1_188' title='bbox 1080 3976 1087 3984; x_wconf 25' lang='lat'>¹</span> 
     </span>
    </p>

    <p class='ocr_par' dir='ltr' id='par_1_13' title="bbox 345 3992 1493 4287">
     <span class='ocr_line' id='line_1_30' title="bbox 432 3992 1492 4083; baseline 0 -22"><span class='ocrx_word' id='word_1_189' title='bbox 432 3994 585 4061; x_wconf 87' lang='lat' dir='ltr'><strong>Sidonius</strong></span> <span class='ocrx_word' id='word_1_190' title='bbox 608 3993 810 4081; x_wconf 87' lang='lat' dir='ltr'><strong>Apollinaris</strong></span> <span class='ocrx_word' id='word_1_191' title='bbox 838 3994 902 4080; x_wconf 87' lang='lat' dir='ltr'><strong>Ep.</strong></span> <span class='ocrx_word' id='word_1_192' title='bbox 923 3992 1010 4059; x_wconf 86' lang='lat' dir='ltr'><em>VIII</em></span> <span class='ocrx_word' id='word_1_193' title='bbox 1031 3995 1050 4059; x_wconf 86' lang='grc'><strong>6</strong></span> <span class='ocrx_word' id='word_1_194' title='bbox 1079 3993 1161 4060; x_wconf 79' lang='lat' dir='ltr'><strong>‘Per</strong></span> <span class='ocrx_word' id='word_1_195' title='bbox 1187 3996 1296 4083; x_wconf 89' lang='lat' dir='ltr'><strong>ipsum</strong></span> <span class='ocrx_word' id='word_1_196' title='bbox 1320 3996 1390 4061; x_wconf 86' lang='lat' dir='ltr'><strong>fere</strong></span> <span class='ocrx_word' id='word_1_197' title='bbox 1412 4006 1492 4063; x_wconf 86' lang='lat' dir='ltr'><strong>tem-</strong></span> 
     </span>
     <span class='ocr_line' id='line_1_31' title="bbox 345 4094 1493 4186; baseline -0.001 -23"><span class='ocrx_word' id='word_1_198' title='bbox 345 4120 423 4186; x_wconf 92' lang='lat' dir='ltr'><strong>pus,</strong></span> <span class='ocrx_word' id='word_1_199' title='bbox 445 4107 482 4162; x_wconf 89' lang='lat' dir='ltr'><strong>ut</strong></span> <span class='ocrx_word' id='word_1_200' title='bbox 503 4096 764 4164; x_wconf 86' lang='lat' dir='ltr'><strong>decemuiraliter</strong></span> <span class='ocrx_word' id='word_1_201' title='bbox 785 4095 916 4183; x_wconf 89' lang='lat' dir='ltr'><strong>loquar,</strong></span> <span class='ocrx_word' id='word_1_202' title='bbox 939 4094 994 4161; x_wconf 87' lang='lat' dir='ltr'><strong>lex</strong></span> <span class='ocrx_word' id='word_1_203' title='bbox 1010 4097 1050 4163; x_wconf 89' lang='lat' dir='ltr'><strong>de</strong></span> <span class='ocrx_word' id='word_1_204' title='bbox 1065 4099 1323 4185; x_wconf 86' lang='lat' dir='ltr'><strong>praescriptione</strong></span> <span class='ocrx_word' id='word_1_205' title='bbox 1338 4100 1493 4165; x_wconf 87' lang='lat' dir='ltr'><strong>tricennii</strong></span> 
     </span>
     <span class='ocr_line' id='line_1_32' title="bbox 346 4199 782 4287; baseline -0.005 -23"><span class='ocrx_word' id='word_1_206' title='bbox 346 4200 457 4266; x_wconf 86' lang='lat' dir='ltr'><strong>fuerat</strong></span> <span class='ocrx_word' id='word_1_207' title='bbox 478 4199 782 4287; x_wconf 66' lang='lat' dir='ltr'><strong>proquiritata!</strong></span> 
     </span>
    </p>
   </div>
   <div class='ocr_carea' id='block_1_9' title="bbox 1000 4406 1070 4415">
    <p class='ocr_par' dir='ltr' id='par_1_14' title="bbox 1000 4406 1070 4415">
     <span class='ocr_line' id='line_1_33' title="bbox 1000 4406 1070 4415; baseline 0 0"><span class='ocrx_word' id='word_1_208' title='bbox 1000 4406 1070 4415; x_wconf 53' lang='grc' dir='ltr'><strong>-ῳ-</strong></span> 
     </span>
    </p>
   </div>
   <div class='ocr_carea' id='block_1_10' title="bbox 364 4522 1470 4591">
    <p class='ocr_par' dir='ltr' id='par_1_15' title="bbox 364 4522 1470 4591">
     <span class='ocr_line' id='line_1_34' title="bbox 364 4522 1470 4591; baseline 0.002 -16"><span class='ocrx_word' id='word_1_209' title='bbox 364 4527 504 4578; x_wconf 73' lang='lat' dir='ltr'><strong>AsterIsco</strong></span> <span class='ocrx_word' id='word_1_210' title='bbox 521 4524 536 4557; x_wconf 74' lang='lat'><strong>&#39;¹‘</strong></span> <span class='ocrx_word' id='word_1_211' title='bbox 553 4527 649 4578; x_wconf 83' lang='lat' dir='ltr'><strong>notavi</strong></span> <span class='ocrx_word' id='word_1_212' title='bbox 668 4541 702 4575; x_wconf 80' lang='lat' dir='ltr'><strong>ea</strong></span> <span class='ocrx_word' id='word_1_213' title='bbox 721 4524 879 4591; x_wconf 77' lang='lat' dir='ltr'><strong>fragmenta</strong></span> <span class='ocrx_word' id='word_1_214' title='bbox 897 4540 1010 4589; x_wconf 89' lang='lat' dir='ltr'><strong>quorum</strong></span> <span class='ocrx_word' id='word_1_215' title='bbox 1028 4524 1140 4575; x_wconf 87' lang='lat' dir='ltr'><strong>dubiam</strong></span> <span class='ocrx_word' id='word_1_216' title='bbox 1160 4539 1223 4574; x_wconf 83' lang='lat' dir='ltr'><strong>ssss</strong></span> <span class='ocrx_word' id='word_1_217' title='bbox 1242 4522 1321 4573; x_wconf 83' lang='lat' dir='ltr'><strong>fidem</strong></span> <span class='ocrx_word' id='word_1_218' title='bbox 1341 4525 1470 4583; x_wconf 79' lang='lat' dir='ltr'><strong>iudicem.</strong></span> 
     </span>
    </p>
   </div>
   <div class='ocr_carea' id='block_1_11' title="bbox 0 0 1710 5409">
    <p class='ocr_par' dir='ltr' id='par_1_16' title="bbox 0 0 1710 5409">
     <span class='ocr_line' id='line_1_35' title="bbox 0 0 1710 5409; baseline 0 1"><span class='ocrx_word' id='word_1_219' title='bbox 0 0 1710 5409; x_wconf 95' lang='lat' dir='ltr'><strong> </strong></span> 
     </span>
    </p>
   </div>
  </div>
 </body>
</html>
