3409 5409
368 456 411 523 52
789 474 902 524 clrvr
923 473 1090 537 ruarrvn.

369 630 478 712 Quare
494 630 522 695 si
537 630 625 717 quod
640 630 675 693 in
690 652 730 696 ea
744 628 935 696 collectione
951 639 1162 717 praeceptum
1176 631 1301 697 eisdem
1315 630 1426 698 verbis
1444 656 1539 720 per-

368 735 526 821 scriptum
540 732 605 798 fuit
619 732 738 820 quibus
753 734 788 795 in
803 730 874 797 XII
889 731 1029 815 tabulis,
1045 756 1088 798 cx
1106 732 1167 798 his
1183 736 1293 820 potius
1314 745 1352 800 ut
1366 757 1410 799 ex
1423 734 1538 801 fonte

367 836 521 903 haustum
536 858 609 901 esse
624 834 766 901 videtur.
803 834 890 899 Nam
909 857 986 901 cum
1008 857 1052 901 ex
1072 836 1207 924 antiquo
1228 836 1300 901 iure
1314 835 1411 923 plura
1424 860 1448 902 a
1464 838 1534 904 de·

367 939 521 1008 camviris
537 948 670 1027 recepta
684 960 757 1005 esse
772 936 971 1023 constaret¹)
988 937 1059 1003 fieri
1073 938 1158 1004 bene
1171 949 1313 1025 poterat,
1329 948 1367 1004 ut
1381 950 1536 1006 servata

367 1042 497 1129 priscae
512 1040 648 1126 originis
664 1040 820 1105 memoria
833 1048 948 1127 postea
969 1040 1038 1106 suis
1053 1063 1201 1129 quaeque
1221 1042 1278 1130 qui
1299 1040 1534 1108 tradebantur

367 1144 558 1213 auctoribus
574 1145 836 1209 restituerentur.

451 1247 526 1313 Hoc
540 1256 650 1312 autem
663 1268 731 1311 uon
745 1245 836 1311 cadit
849 1245 886 1309 in
900 1266 941 1311 ea
955 1266 1039 1332 quae
1052 1246 1234 1333 Dionysius
1245 1246 1283 1312 H
1295 1247 1338 1312 26
1353 1249 1395 1313 de
1409 1251 1530 1335 patris

366 1350 401 1415 in
415 1348 520 1417 filium
533 1350 622 1416 vitae
640 1350 794 1437 necisque
816 1355 980 1435 potestate
999 1370 1020 1413 a
1039 1346 1180 1415 Romulo
1200 1350 1328 1415 sancita
1351 1350 1455 1415 refert
1476 1392 1531 1399 -

367 1452 410 1517 cf.
428 1450 546 1519 collat.
560 1450 624 1538 leg.
641 1451 690 1519 IV
705 1452 725 1517 8
740 1454 825 1515 ‘Cum
838 1458 926 1531 patri
943 1457 1006 1515 lea
1025 1460 1134 1531 rapio
1150 1457 1267 1517 dederit
1281 1460 1311 1517 in
1324 1459 1420 1530 filium
1436 1460 1529 1518 vitue

367 1562 504 1633 necisque
513 1560 700 1636 mustuoem’
711 1575 849 1641 —quae
865 1576 928 1641 quo
944 1554 1016 1619 iure
1029 1554 1065 1617 in
1079 1552 1185 1640 legem
1199 1553 1340 1621 editores
1355 1557 1399 1621 ad
1412 1578 1528 1621 unum

367 1681 479 1725 omnes
495 1656 737 1739 transtulerint,
756 1656 909 1745 equidem
924 1656 1056 1742 assequi
1069 1656 1247 1742 cogitando
1261 1679 1395 1745 nequeo.
1426 1656 1526 1723 Nam

368 1760 456 1849 quod
465 1761 541 1826 cii
554 1770 606 1826 est
621 1764 739 1827 τοῦτον
749 1761 808 1825 τὸν
825 1759 929 1839 νόμον
941 1759 977 1825 ἐν
989 1758 1100 1839 ἀρχαῖς
1111 1763 1169 1840 μὲν
1183 1760 1213 1826 οἱ
1225 1764 1360 1841 pacarit
1375 1761 1525 1842 ἐφύλατ-

367 1885 427 1930 τον
437 1863 500 1930 εἴτε
510 1864 733 1943 γεγραμμένον
746 1860 809 1927 εἴτε
820 1860 971 1942 ἄγραφον
978 1912 1041 1927 .....
1051 1864 1525 1945 καταλυθείεηεδὲτῆεμοναα

366 1967 436 2048 χία(
448 2017 455 2031 .
467 2017 493 2031 ..
510 1966 542 2032 οἱ
557 1965 713 2047 λαβόντε(
724 1964 813 2043 παρὰ
829 1966 1002 2045 τοῡδήμου
1016 1967 1076 2047 τὴν
1090 1966 1236 2033 ἑξουείαν
1251 1970 1308 2046 τῆ(
1323 1971 1521 2047 (υναγιαγῆε

366 2244 404 2293 ait
422 2246 538 2293 “morem
553 2242 667 2307 masque
687 2256 819 2293 sacrorum
837 2238 986 2291 Aduum’
1003 2242 1061 2305 ipso
1080 2243 1153 2292 tituto
1169 2242 1236 2306 lepis
1252 2242 1379 2307 Papiriae
1396 2258 1459 2293 usus
1474 2250 1520 2294 est

367 2344 441 2393 quum
461 2326 560 2377 sciebat
584 2328 622 2377 de
648 2327 713 2376 rita
737 2340 901 2375 sacrorum
919 2325 1101 2390 pubiicaam’:
1123 2325 1172 2376 ubi
1194 2326 1247 2377 ius
1265 2327 1447 2392 Papirianum
1464 2343 1519 2393 pa·

366 2428 425 2463 rum
443 2417 578 2465 accurata
594 2411 708 2461 notione
727 2424 897 2475 expressum,
916 2424 971 2459 non
988 2408 1129 2475 proiecto,
1153 2410 1226 2474 quod
1243 2411 1388 2463 Vaasseno
1405 2412 1518 2479 placuit

365 2498 455 2549 duim.
474 2496 510 2549 sd
527 2496 592 2549 fast.
611 2513 637 2562 p.
657 2497 718 2559 lbi,
742 2495 833 2561 legem
855 2495 1008 2561 specialem
1032 2511 1049 2545 a
1066 2495 1180 2561 Papirio
1203 2500 1330 2547 sanctam
1354 2512 1388 2547 ac
1411 2496 1516 2548 deinde

365 2584 420 2633 iuri
442 2582 592 2648 Papiriano
615 2582 747 2631 insertam
770 2580 862 2644 quivis
885 2580 971 2631 facile
997 2585 1142 2647 agnoscat.
1177 2581 1255 2633 'Palis
1277 2582 1364 2647 igitur
1382 2581 1515 2634 collectio

366 2670 467 2719 rituum
486 2682 628 2718 sacrorum
646 2680 679 2716 ex
699 2664 776 2717 libris
795 2665 945 2731 pontificiis
963 2670 1109 2732 excerpts,
1133 2680 1186 2731 quo
1209 2670 1358 2734 augeretur
1380 2666 1514 2733 dignitas,

367 2754 471 2805 illustri
488 2754 599 2805 nomine
618 2756 718 2802 ornata
736 2754 779 2801 est
797 2750 906 2816 Papirii
924 2751 1015 2817 primi'
1027 2751 1103 2817 regis
1123 2766 1267 2803 sacrorum
1290 2752 1327 2805 ci.
1344 2752 1428 2805 Dion.
1446 2752 1512 2805 Hal.

366 2840 391 2890 V
410 2844 423 2889 1
442 2841 558 2901 πρῶτος
580 2835 666 2901 ἱερῶν
685 2834 810 2899 Bacticis(
829 2833 962 2889 Μάνιος
979 2832 1168 2902 Παπίριος,
1192 2838 1239 2903 qui
1256 2837 1330 2888 idem
1352 2844 1397 2889 est
1418 2838 1459 2888 111
1475 2839 1511 2889 66

367 2924 472 2975 Gaius
490 2924 620 2991 Papirius
632 2922 737 2973 Numae
756 2920 848 2987 legum
866 2921 900 2972 ds
919 2924 1008 2974 sacris
1025 2927 1088 2988 post
1105 2936 1187 2989 reges
1199 2926 1314 2973 exactos
1328 2924 1427 2984 editor,
1443 2938 1510 2989 pon-

366 3008 436 3059 tiisx
454 3008 578 3074 quidem,
603 3006 652 3058 sed
676 3011 769 3057 tamen
786 3004 927 3057 ἁπάντων
949 3009 1009 3058 τῶν
1032 3005 1118 3073 ἱερῶν
1141 3004 1295 3071 ἡγεμονίαν
1317 3005 1394 3071 ἔχων
1416 3007 1462 3072 (ci.
1480 3007 1509 3059 11

367 3094 421 3161 14),
438 3110 490 3145 nec
509 3094 544 3146 ab
567 3090 620 3143 hoc
642 3091 747 3144 diversi
765 3090 888 3145 Sextus
911 3097 940 3143 at
961 3092 1104 3143 Publius
1122 3092 1231 3160 Papirii
1254 3092 1348 3159 legum
1371 3094 1509 3159 regiarum

365 3180 395 3230 in
412 3180 471 3231 iure
490 3178 593 3250 civili
611 3178 762 3244 Papiriano
782 3178 979 3243 compilatores
997 3192 1066 3241 quos
1084 3179 1161 3229 novit
1178 3178 1347 3245 Pomponius
1360 3178 1424 3244 θὶς.
1439 3180 1462 3242 1,
1478 3181 1507 3243 i,

365 3266 415 3328 Ν
433 3267 449 3315 2
467 3269 495 3317 et
512 3265 527 3326 ξ
545 3266 587 3327 36,
607 3270 635 3315 et
654 3264 731 3315 illum
755 3262 866 3328 quidem
883 3262 1002 3329 Superbi
1018 3264 1165 3314 Demarati
1183 3263 1321 3315 Corinthii
1343 3262 1505 3327 filii(1)ae·
1598 3324 1599 3332 ἵ

365 3351 486 3417 qualem.
521 3350 553 3401 Ia
572 3365 633 3401 eam
646 3356 739 3401 autem
758 3348 951 3400 collectionem
968 3346 1046 3413 leges
1069 3363 1178 3414 quoque
1196 3363 1267 3415 quse
1286 3350 1446 3400 serebantur
1462 3364 1506 3399 re·

365 3438 428 3503 gias
450 3452 521 3503 quae
539 3435 649 3500 quidem
668 3436 750 3486 ritum
768 3449 911 3485 sacrorum
929 3433 989 3485 iera
1007 3450 1102 3485 omnes
1119 3438 1289 3501 spectarent,
1307 3438 1433 3500 receptas
1445 3447 1504 3485 esse

365 3537 420 3573 non
438 3527 495 3573 tam
513 3520 597 3573 dubia
616 3525 645 3571 st
662 3520 767 3571 dissors
785 3520 914 3585 Dionysii
938 3525 966 3571 et
982 3520 1127 3586 Pomponii
1149 3521 1302 3572 aucusitas
1325 3536 1406 3587 qusm
1424 3520 1505 3571 Grani
1586 3531 1590 3540 ·

365 3607 464 3658 Flacci
488 3624 521 3657 ex
543 3606 615 3659 libro
638 3604 673 3657 de
695 3607 754 3659 iure
777 3606 929 3670 Papiriano
956 3606 1141 3671 fragmentum
1164 3604 1313 3672 persuadet
1334 3608 1364 3657 in
1385 3606 1445 3670 Dig.
1462 3608 1502 3669 bt),

367 3694 407 3751 16,
427 3694 475 3743 144
494 3692 663 3759 (neglectum
682 3691 717 3740 ab
738 3691 778 3741 eis
797 3692 844 3756 qui
863 3690 948 3741 Grani
964 3690 1092 3755 reliquiis
1113 3691 1278 3758 colligendis
1296 3708 1408 3757 operam
1424 3690 1503 3742 dede·

365 3784 428 3827 runt
446 3778 585 3829 Dirlrseno
608 3781 637 3827 ct
654 3774 811 3840 Huschkio)
836 3778 965 3840 ‘pellicem
986 3792 1052 3826 aune
1072 3782 1144 3842 calpe
1166 3782 1280 3829 vermi.
1300 3812 1307 3829 .
1327 3813 1361 3828 ..
1385 3778 1501 3843 quondm

364 3880 419 3914 sem
436 3880 507 3930 qaae,
517 3864 609 3915 auaris
626 3867 682 3913 ioco
699 3865 754 3913 siae
772 3865 869 3927 nuptiis
885 3865 911 3912 ia
928 3865 1001 3913 dorso
1017 3865 1066 3912 αι’
1089 3864 1151 3913 sine
1174 3862 1258 3914 dubio
1279 3863 1450 3914 referendum
1466 3862 1501 3912 sd

364 3950 470 4001 Numae
489 3948 579 4013 legem
597 3951 696 4014 ‘peiles
712 3964 785 3999 uma
803 3946 910 3999 Iunonis
927 3964 959 3999 ne
977 3949 1088 4012 taapito’
1108 3964 1153 4013 ap.
1165 3948 1245 4000 Paul.
1264 3964 1298 3999 ex
1314 3949 1392 4003 Pest.
1409 3964 1432 4013 p.
1443 3948 1498 4001 iit.

364 4034 436 4087 Geli.
454 4035 494 4087 lv
511 4037 535 4086 3.

381 4114 386 4125 '
431 4119 453 4184 ¹)
473 4119 508 4171 ci.
527 4120 609 4170 Dion.
627 4118 691 4170 Hal.
710 4120 735 4171 X
753 4121 786 4171 bi
804 4116 886 4172 οὗτοι
908 4118 936 4172 oi
957 4118 1024 4171 δέκα
1046 4118 1146 4185 ἄνδρες
1168 4118 1382 4186 (αγγράψαντεε
1403 4118 1496 4183 νόμου(
1575 4161 1578 4172 .

363 4203 394 4257 ἔκ
416 4218 449 4257 τε
471 4206 532 4256 τῶν
550 4204 707 4270 ἑλληνικῶν
730 4203 829 4267 νόμων
853 4205 898 4257 καὶ
925 4208 986 4257 τῶν
1009 4204 1085 4269 rupi
1108 4203 1200 4269 (φίαν
1225 4204 1367 4271 ἀγράφων
1389 4204 1496 4269 uacuos

363 4290 530 4355 προῦθηκαν
547 4288 579 4341 ἐν
595 4288 662 4341 δέκα
679 4288 795 4342 δέλτοις.
814 4292 851 4346 cf.
870 4294 911 4343 ab.
935 4291 1073 4358 Ulpianus
1090 4292 1154 4358 Dig.
1173 4294 1216 4357 21,
1235 4296 1277 4356 10,
1297 4296 1310 4341 1
1329 4308 1369 4359 pr.
1392 4292 1494 4359 Poupo-

363 4378 425 4425 nins
443 4376 506 4441 Dig.
527 4378 556 4439 1,
574 4378 604 4439 2,
623 4378 651 4439 2,
671 4378 704 4427 24
721 4402 756 4413 -a
773 4378 826 4428 etsi
848 4378 874 4428 is
893 4377 965 4441 quod
983 4377 1017 4428 de
1035 4376 1165 4429 vindieiis
1188 4394 1227 4429 ex
1245 4383 1362 4431 vetere
1387 4378 1493 4429 iureis

363 4460 416 4511 xli
435 4460 579 4511 translatis
597 4474 704 4527 narrat,
723 4478 800 4514 suam
819 4462 853 4514 de
871 4462 999 4513 Vindicio
1021 4479 1102 4513 servo
1124 4463 1259 4515 tabellam
1282 4465 1398 4530 respicit
1411 4489 1440 4500 -
1455 4468 1493 4512 st·

364 4558 416 4609 que
435 4544 468 4593 ds
488 4546 607 4598 sacratis
625 4548 736 4615 legibus
756 4548 852 4599 Cicero
871 4564 920 4614 pro
939 4549 1031 4599 Sestio
1049 4552 1090 4611 30,
1109 4550 1152 4601 oi.
1174 4550 1209 4600 de
1226 4550 1298 4601 dom.
1317 4552 1359 4613 li,
1377 4552 1416 4600 43.
