3409 5409
358 510 406 559 oa
428 510 481 557 x11
505 510 719 561 rusvnsavu
741 511 919 576 asmovns
942 514 1231 567 consvrvvusnrs.
1309 500 1370 567 105

225 670 319 747 copie
336 702 378 713 -
392 671 434 731 ‘et
446 670 596 748 concapit
619 668 712 733 Festi
732 666 809 733 libri
828 691 862 755 p.
877 668 941 734 364
955 704 996 716 -—
1011 668 1148 736 mirifice
1167 670 1302 756 languet
1322 680 1368 737 at·

225 791 289 857 que
303 768 444 835 otiosum
458 779 523 835 est:
550 768 637 857 quod
655 769 727 835 iure
747 768 892 857 explosit
905 770 1116 839 Eichstadius
1133 770 1199 857 (De
1214 773 1369 840 ICtorum

225 880 324 958 atque
335 869 576 957 philologorum
584 871 729 937 discordi
740 893 839 959 saepe
847 874 1107 941 concordialem
1116 873 1235 961 1839p.
1246 876 1283 939 li
1292 876 1367 963 sq.).

226 972 260 1038 Is
275 982 385 1039 autem
405 996 578 1062 perperam
592 973 691 1041 rediit
705 975 748 1039 ad
765 972 925 1060 Scaligeri
940 977 1175 1043 correctionem
1196 983 1369 1056 ‘vineaeque

225 1083 397 1157 omrcopcs'‚
418 1074 460 1141 de
482 1099 549 1163 qua
562 1098 640 1142 vere
660 1075 776 1143 statuit
790 1078 829 1144 0.
846 1074 1024 1145 Muellerus
1046 1077 1089 1143 ad
1104 1079 1194 1145 Fest.
1209 1077 1230 1144 l.
1262 1078 1313 1144 Ac
1328 1102 1369 1147 ne

225 1177 423 1243 Mommseni
442 1177 575 1266 quidem
595 1179 773 1246 auotoritas
795 1178 884 1267 quod
904 1202 1009 1268 nuper
1027 1180 1062 1245 in
1077 1180 1170 1246 Festi
1191 1180 1262 1247 cod.
1279 1191 1369 1268 quat.

226 1278 311 1345 XVI
325 1302 358 1366 p.
374 1280 415 1345 76
429 1280 577 1347 breviter
595 1282 727 1348 notavit
741 1282 849 1347 ‘unice
869 1303 950 1348 vera
971 1293 1022 1349 est
1041 1282 1226 1349 emendatio
1246 1282 1367 1367 [Bosii]

226 1390 255 1447 ‘e
268 1390 431 1463 compape,
446 1382 646 1470 persuadere
660 1384 783 1470 potuit:
811 1405 886 1449 oum
901 1384 982 1449 mihi
997 1384 1129 1472 quidem
1146 1385 1240 1451 unice
1254 1384 1368 1473 probe·

227 1494 283 1549 tur
301 1484 505 1571 ingeniosum
522 1484 673 1551 Muelleri
697 1485 868 1552 inventum
895 1493 929 1551 ‘e
948 1494 1128 1568 concope'
1144 1524 1186 1537 —-
1200 1488 1266 1553 uisi
1281 1486 1369 1574 quod

225 1593 410 1670 fconcapi’
424 1588 533 1675 potius
548 1609 592 1653 ex
606 1587 756 1654 codicum
770 1588 922 1675 vestigiis
938 1589 1077 1655 eruitur:
1095 1588 1369 1677 quemadmodum

225 1688 314 1756 VIII
330 1690 370 1755 12
385 1692 484 1755 ‘loce'
500 1712 543 1755 ex
554 1689 625 1755 XII
640 1701 674 1756 et
688 1691 723 1755 in
734 1689 835 1755 Ennii
846 1690 1061 1759 imitationem
1078 1698 1118 1757 ‘si
1129 1699 1204 1771 laci,
1220 1698 1339 1758 atrox.
1349 1698 1369 1756 .’

225 1800 260 1859 et
279 1792 315 1857 in
334 1791 522 1858 testimonia
542 1791 643 1859 Gellii
663 1792 716 1859 XI
738 1792 795 1876 18,
818 1793 838 1859 8
859 1804 892 1861 et
912 1792 1079 1861 Ciceronis
1102 1817 1134 1881 p.
1155 1794 1264 1860 Tullio
1284 1798 1305 1875 ξ
1327 1793 1368 1858 47

225 1893 391 1979 transiit¹)
405 1893 492 1960 male
505 1894 581 1960 hine
595 1893 769 1981 expulsum
791 1895 834 1961 ab
850 1894 1034 1963 editoribus
1057 1907 1187 1983 praeter
1201 1893 1369 1961 Kellerum

225 1997 389 2063 omnibus.
425 1998 597 2077 ‘Concepit’
612 2006 722 2062 autem
737 1997 935 2063 vocabulum
951 1998 1013 2063 etsi
1028 1997 1162 2065 aliunde
1175 2006 1288 2064 notum
1302 2020 1369 2063 non

226 2109 293 2181 est,
313 2108 425 2165 tamen
444 2107 478 2164 et
497 2096 564 2184 legi
584 2099 738 2165 formatio
758 2100 896 2186 antiqua
918 2109 952 2167 et
972 2100 1169 2187 significatio
1195 2100 1270 2165 huic
1297 2098 1369 2165 loco

225 2200 348 2289 optime
361 2200 522 2287 congruit.
544 2199 804 2289 IpseMuellerus
819 2201 934 2267 iamin
949 2224 1044 2267 usum
1060 2224 1155 2267 suum
1167 2202 1267 2269 vertit
1275 2200 1370 2267 Pauli

224 2300 371 2388 glossam
385 2325 418 2391 p.
433 2302 497 2369 225
511 2309 702 2385 ‘procopia
713 2309 872 2385 propensas
887 2324 965 2383 quac
979 2308 1018 2369 ab
1032 2324 1091 2369 ono
1105 2310 1203 2385 capite
1213 2308 1368 2385 procedil’

225 2443 267 2453 —
292 2404 337 2471 ef.
356 2405 455 2492 paulo
475 2405 572 2472 aliter
592 2414 785 2493 comparata
805 2410 959 2487 ‘procapii
982 2412 1152 2487 proximus’
1178 2411 1370 2487 ‘praecipitus
1420 2411 1423 2417 '

222 2513 383 2589 proximri’
399 2507 509 2575 Closs.
524 2506 606 2574 Isid.
622 2532 678 2573 —z
704 2516 833 2596 poterat
848 2509 950 2575 etiam
969 2506 1110 2574 alterum
1129 2508 1194 2575 huc
1212 2529 1369 2575 revocare

224 2633 259 2697 p.
274 2610 314 2675 91
336 2613 589 2692 ‘sormuoopes
610 2610 673 2696 (ita
692 2608 780 2676 Soal.
796 2615 982 2688 [Μουσαῖος
1002 2609 1074 2677 cod.
1097 2610 1269 2677 manifesto
1290 2611 1368 2695 err.)

222 2716 358 2795 seraper
372 2717 471 2779 delae
484 2718 566 2793 quod
574 2716 679 2791 [mmo
693 2718 828 2795 capiont’
843 2714 886 2779 cf.
903 2737 933 2801 p.
951 2712 1003 2778 84.
1032 2712 1194 2778 Nimirum
1208 2712 1289 2779 baec
1304 2712 1369 2777 luit

224 2815 331 2881 forma
343 2815 505 2882 vetustior
520 2836 633 2883 eorum
644 2837 728 2903 quae
739 2816 774 2882 in
789 2823 892 2903 ‘ceps’
911 2826 1027 2901 postea
1041 2822 1210 2883 contracta
1224 2825 1301 2881 sunt
1317 2814 1367 2880 vel

223 2917 508 2985 substantivorum
517 2917 571 2984 vel
580 2918 833 3000 adiectivorum
845 2927 882 2983 ut
892 2925 1081 3005 ‘manceps',
1094 2924 1248 3005 ‘auceps',
1264 2924 1367 3005 ‘prae-

225 3027 327 3107 ceps’,
342 3024 502 3107 ‘anceps’t
525 3029 624 3109 atque
639 3026 805 3104 ‘oncipcs’,
822 3024 977 3103 ‘aripert
992 3025 1183 3101 ‘proecipcs'
1197 3019 1368 3085 nominati·

224 3144 285 3189 vos
306 3121 450 3210 antiquis
470 3121 574 3188 fuisse
594 3121 757 3189 Plautinis
778 3120 937 3211 exemplis
958 3122 1148 3188 Priscianus
1176 3121 1369 3209 comprobat

224 3246 256 3310 p.
278 3223 341 3289 725
359 3223 398 3289 Ρ.
420 3223 465 3289 ef.
479 3223 627 3310 Scaliger
647 3224 691 3291 ad
712 3226 803 3291 Festi
823 3225 846 3291 l.
883 3226 970 3291 'lum
990 3224 1216 3292 uenationem
1236 3224 1367 3312 quidem

224 3327 404 3413 ‘concapis’
418 3325 559 3393 alienam
574 3349 648 3392 esse
662 3328 705 3394 ab
725 3326 872 3394 hocloco
888 3326 1036 3393 eiusdem
1057 3328 1169 3415 stirpis
1191 3326 1287 3393 docet
1303 3349 1367 3393 vox

224 3428 426 3515 ‘capistrum'
442 3427 484 3494 de
496 3427 621 3494 vitibus
633 3428 784 3495 adhibita
798 3450 820 3493 a
830 3427 1012 3495 Columella
1023 3428 1073 3495 iv
1085 3428 1138 3510 20,
1150 3430 1170 3493 3
1184 3435 1290 3507 ‘quare
1300 3450 1368 3494 cum

224 3534 269 3594 cd
279 3550 424 3596 morum
433 3536 542 3612 palum
555 3542 636 3598 recte
649 3536 715 3598 vira
728 3540 849 3597 extenta
863 3542 917 3615 est,
931 3536 1063 3613 oapr’stro
1072 3535 1285 3609 castraretur
1299 3538 1367 3595 etc?

223 3632 431 3716 dsszffi

224 3810 336 3874 propter
353 3804 565 3873 Scaligeranam
582 3802 736 3860 retraetata
753 3808 840 3861 refert
857 3823 885 3874 p.
902 3810 927 3859 4.
958 3806 996 3859 of.
1015 3806 1185 3873 Bernaysius
1202 3806 1239 3857 ‘L
1258 3806 1281 3859 Ι.
1300 3804 1368 3857 Sea-

223 3892 307 3960 liger’
324 3909 352 3960 p.
371 3894 421 3945 144
437 3908 478 3959 aq.

305 3976 326 4043 ¹)
347 3977 435 4031 Recte
458 3978 524 4031 ltine
541 3978 722 4031 Sohroeterus
741 3977 830 4031 elficit
851 3977 893 4043 (in
915 3976 1068 4031 Sohunelsii
1085 3976 1156 4029 Anu.
1179 3976 1234 4031 litt.
1259 3978 1367 4029 inr.1V

223 4080 250 4131 p.
268 4062 313 4127 ³8)
331 4064 408 4115 ‘loce'
425 4062 517 4130 potius
535 4078 618 4130 qaam
634 4063 707 4130 quod
724 4063 890 4131 quibusdam
908 4080 942 4116 ex
959 4063 1097 4130 prioribus
1108 4063 1197 4113 visum
1215 4066 1261 4114 est
1276 4065 1367 4113 ‘inier-

223 4150 279 4200 dia’
297 4148 327 4199 ia
344 4146 408 4215 lege
426 4149 569 4213 extitisse;
588 4149 624 4204 ei.
644 4149 729 4201 etiam
746 4147 866 4201 formula
889 4149 1044 4217 rogationis
1067 4147 1141 4214 apud
1159 4147 1269 4198 Livium
1287 4147 1366 4198 XXII

225 4234 267 4298 to,
285 4234 301 4284 6
318 4235 343 4284 el
359 4240 432 4285 nocte
449 4238 502 4287 eive
519 4236 574 4285 lace
593 4260 627 4270 -
642 4235 726 4297 feeit,
743 4234 825 4299 probe
839 4237 937 4298 foetam
954 4242 1018 4288 esto.
1043 4232 1191 4284 Caeterum
1211 4229 1367 4283 adverbiali

224 4318 297 4368 ‘nox’
317 4316 345 4381 (a
363 4317 477 4384 ‘nocts’)
496 4319 541 4369 eui
559 4323 624 4385 apte
643 4319 724 4370 ‘fors’
742 4316 903 4370 adverbium
923 4322 1065 4386 comparat
1079 4316 1230 4368 Corssenus
1247 4316 1277 4365 in
1289 4316 1364 4368 liuh·

223 4401 262 4452 nii
279 4402 381 4455 Annal.
392 4404 436 4455 111
453 4405 502 4457 291
516 4420 556 4470 sq.
567 4430 600 4441 -
618 4404 672 4455 etsi
689 4402 724 4453 de
742 4402 914 4470 explicandis
932 4404 975 4455 his
994 4402 1089 4455 formis
1107 4400 1181 4451 haud
1199 4416 1287 4467 aeque
1305 4416 1366 4468 per-

223 4488 362 4539 suasit-
383 4488 501 4543 Plautus
524 4502 634 4555 quoque
656 4486 745 4539 utitur
766 4488 844 4545 Asin.
862 4485 953 4554 1113,
972 4490 987 4539 i
1012 4486 1083 4551 (tat)
1107 4491 1176 4538 ‘aaa
1196 4488 1222 4537 si
1242 4488 1311 4538 coles
1334 4512 1365 4527 -

222 4573 348 4629 mutae
