3409 5409
380 485 427 535 na
450 486 501 535 nn
525 486 738 536 ranvnsavu
761 488 939 551 samcvus
961 489 1208 556 concisurum.
1325 476 1368 545 69

219 644 327 706 Verba
341 636 411 705 aaut
423 638 498 705 boec
513 644 551 705 de
564 647 630 720 leae
646 642 742 706 “siin
763 649 809 707 itu
823 658 923 723 vocat,
944 653 973 711 si
990 647 1109 710 morbus
1124 692 1133 710 .
1150 694 1158 710 .
1175 694 1184 709 .
1201 654 1234 711 .”
1250 670 1288 715 eo
1303 652 1366 715 sci-

209 742 300 811 licet
315 742 468 827 consilio,
484 754 522 809 ut
536 742 628 829 prior
643 766 718 830 pars
734 746 889 811 universe
908 746 1014 833 ipsam
1034 745 1141 833 legem
1156 748 1227 815 XII
1242 750 1365 835 signifi-

208 856 290 929 cet,
307 868 405 933 quam
418 846 461 911 ab
477 846 526 911 his
544 844 655 911 verbis
671 846 835 933 incepisse
855 846 1028 935 probabile
1043 860 1109 932 cst,
1130 848 1235 917 altera
1255 852 1365 937 singu·

209 948 291 1013 lare
317 957 526 1034 praeceptum
551 946 746 1013 introducat.
784 949 828 1014 of.
853 949 955 1033 etiam
973 948 1151 1015 ¹Vahlenus
1182 952 1218 1015 in
1242 954 1363 1019 Annal.

207 1072 334 1137 gymn.
358 1050 524 1115 Austriac.
541 1049 624 1115 1860
644 1048 712 1135 p.5
732 1072 780 1136 sq.
812 1051 859 1116 At
879 1049 942 1117 hoc
962 1050 1035 1137 quis
1063 1052 1176 1118 credat
1200 1063 1366 1119 structura

208 1173 354 1240 prorsus
375 1150 553 1235 ineleganti
573 1162 672 1239 atquc
688 1162 820 1237 praeter
839 1154 1001 1218 rationem
1021 1151 1147 1219 efficta:
1174 1160 1277 1220 ‘verba
1297 1168 1366 1221 aaut

209 1258 384 1333 haectoris
399 1256 545 1318 —aerbo
565 1264 634 1317 sant
652 1259 728 1319 baec
743 1259 780 1318 de
798 1262 883 1333 leqc'
909 1255 1251 1341 expressumfuisse?
1278 1256 1365 1323 Nam

210 1378 296 1423 cum
309 1355 401 1442 prius
417 1361 461 1419 ‘a'
473 1362 504 1419 ia
519 1362 564 1419 ius
579 1362 679 1421 vocat’
701 1354 928 1423 tantummodo
942 1354 1029 1421 tituli
1043 1356 1115 1423 loco
1130 1357 1306 1441 habeatur,
1323 1381 1364 1423 ne

208 1457 355 1525 tolerari
370 1456 503 1544 quidem
523 1467 633 1545 potest
652 1459 828 1544 repetitum
844 1462 953 1523 ‘acrba
973 1473 1042 1523 sunt
1055 1462 1131 1524 boec
1149 1465 1258 1538 leyts':
1275 1459 1364 1547 quod

210 1560 263 1627 ab
278 1559 373 1625 initio
389 1560 500 1626 statim
516 1559 559 1624 ad
574 1560 708 1646 propria
723 1560 826 1625 verba
841 1559 970 1645 exlege
985 1561 1275 1649 citatapertineat.
1300 1560 1363 1626 Nc·

211 1684 283 1747 que
299 1661 430 1727 omnino
445 1659 514 1725 ulla
528 1662 599 1726 veri
613 1661 722 1749 specie
735 1660 989 1739 commendatur,
1005 1684 1080 1727 cum
1094 1663 1214 1729 totiens
1228 1685 1287 1749 per
1302 1662 1365 1727 hoc

212 1762 322 1831 Gellii
332 1754 437 1849 ‘caput
451 1763 668 1849 praecesserit
682 1750 764 1848 legis
780 1764 914 1846 mentio,
930 1764 996 1829 iam
1011 1774 1179 1852 tamquam
1193 1786 1301 1831 novae
1315 1766 1364 1830 rei

213 1864 381 1931 eiusmodi
411 1865 660 1951 inscriptionem
692 1864 843 1951 proferri.
894 1864 960 1931 Sed
991 1867 1089 1949 satis,
1122 1866 1255 1954 opinor,
1289 1866 1364 1952 ipsa

211 1969 326 2035 forma
340 1965 450 2053 prodit
464 1966 655 2033 alterutrum
669 1966 851 2032 membrum
874 1989 917 2033 ex
935 1990 1027 2034 mera
1041 1967 1265 2055 dittographia
1285 1988 1362 2053 pro-

178 2112 180 2115 ·
211 2071 342 2135 fectum
362 2090 445 2134 csse.
465 2107 508 2119 —
529 2070 631 2157 Atqui
652 2067 705 2135 vel
725 2076 849 2134 resecto
872 2068 975 2135 altero
997 2068 1146 2157 plerique
1166 2067 1364 2135 Gothofredi

213 2171 418 2239 sententiam
433 2172 539 2236 secuti
555 2178 598 2235 ‘ai
615 2178 647 2235 in
668 2177 716 2235 ius
736 2176 840 2238 vocot'
856 2181 946 2237 arcte
960 2171 1106 2237 iunctum
1121 2194 1195 2237 cum
1211 2175 1268 2235 ‘de
1281 2166 1362 2249 leqe’
1379 2178 1381 2182 ’

213 2272 417 2362 principium
437 2271 670 2349 intellexerunt
690 2270 744 2337 vel
758 2272 860 2339 totius
876 2270 958 2359 legis
973 2272 1028 2339 vel
1050 2282 1160 2338 certae
1174 2273 1290 2360 partis.
1319 2272 1363 2337 ef.

215 2374 366 2442 Oisclius
387 2374 430 2439 ad
450 2374 473 2438 l.
488 2372 510 2439 l.
542 2373 666 2439 Verum
692 2374 859 2441 enimvero
879 2411 921 2423 -—
941 2374 1030 2461 quod
1055 2375 1121 2440 iam
1141 2396 1243 2461 supra
1263 2373 1363 2459 signi·

215 2478 318 2545 ficavi
331 2514 379 2539 -,
388 2474 637 2543 fundamentum
652 2477 708 2543 isti
723 2474 871 2565 opinioni
885 2475 1076 2543 substruere
1096 2473 1362 2562 supersederunt.

213 2581 305 2647 Nam
320 2578 487 2646 Ciceronis
502 2598 566 2665 quo
582 2589 763 2666 provocant
776 2578 867 2643 locus
883 2576 924 2642 de
938 2576 1002 2663 leg.
1017 2577 1100 2660 114,
1116 2577 1136 2642 9
1150 2576 1283 2643 minime
1297 2576 1363 2641 huc

214 2681 318 2763 facit,
334 2703 409 2747 cum
423 2680 459 2745 in
474 2704 529 2747 vv.
547 2688 585 2747 ‘a
595 2687 715 2762 parvis,
732 2684 852 2756 Ουὶηἱε,
876 2685 1036 2745 didr‘cr'mus
1057 2682 1115 2743 “ai
1132 2686 1166 2745 ia
1185 2685 1231 2744 ias
1246 2683 1361 2744 aocct’'

215 2796 307 2865 utque
329 2789 407 2849 aiios
432 2786 578 2847 eiusmodi
594 2789 675 2862 loyes
699 2780 905 2863 nominare’¹)
927 2802 994 2847 non
1013 2781 1132 2847 citetur
1149 2779 1282 2864 titulus,
1305 2780 1363 2846 sed

116 2899 120 2907 '
217 2884 406 2974 exemplum
430 2908 473 2951 ex
497 2884 569 2970 lege
596 2883 759 2951 delibatur
782 2906 846 2972 quo
872 2906 957 2971 qnae
982 2882 1048 2950 sint
1076 2882 1166 2969 leges
1195 2892 1361 2949 noscatur·

215 2988 315 3057 Unde
330 2988 392 3053 etsi
406 3009 473 3054 non
488 2987 558 3051 sine
573 3008 690 3053 caussa
704 2986 911 3053 concluditur
924 2985 986 3051 hoc
1006 2984 1107 3052 fuisse
1122 2984 1205 3071 legis
1219 2983 1362 3065 initium,

217 3090 297 3179 quia
311 3090 417 3176 prima
431 3088 534 3155 verba
551 3087 790 3175 simplicissime
811 3088 918 3152 solent
937 3086 1114 3153 memoriae
1134 3108 1306 3153 occurrere
1323 3124 1360 3155 τ

216 3192 262 3258 cf.
278 3191 366 3257 idem
374 3192 470 3256 Rhet.
482 3190 525 3255 ad
537 3190 617 3256 Her.
632 3190 667 3255 II
685 3192 735 3272 13,
753 3189 793 3257 19
807 3228 850 3238 -
864 3199 973 3256 tamen
988 3188 1124 3275 quaevis
1140 3187 1206 3253 alia
1220 3187 1274 3252 lex
1290 3187 1363 3275 pari

217 3293 315 3360 modo
340 3292 497 3358 substitui
521 3300 663 3379 poterat.
698 3293 815 3379 Itaque
840 3289 899 3355 illa
923 3290 1028 3357 verba
1052 3312 1126 3355 cum
1151 3290 1225 3376 ipsa
1249 3288 1321 3374 lege
1342 3312 1362 3353 a

289 3516 308 3582 ¹)
336 3518 382 3567 Ita
410 3514 518 3581 quidem
547 3517 622 3565 recte
650 3514 723 3565 hunc
749 3512 840 3565 locum
869 3513 1016 3564 constituit
1036 3512 1144 3564 Baiias
1172 3528 1206 3562 ex
1228 3511 1361 3563 librorum

221 3603 358 3669 scriptura
381 3605 471 3667 ‘atquc
491 3606 519 3649 at
541 3600 595 3651 eius
617 3600 686 3651 modi
702 3602 770 3663 tepea
793 3600 859 3649 abac
876 3601 969 3651 aom.’.·
987 3612 1049 3648 cnm
1066 3600 1115 3648 ‘at'
1133 3596 1281 3663 vestigium
1299 3596 1363 3647 reli·

221 3695 296 3740 ctum
314 3689 351 3737 sit
373 3686 478 3738 veteris
501 3684 705 3752 dittographiae
730 3688 822 3750 ‘atqua
846 3686 912 3733 aliua
933 3683 1056 3734 dmmods‘
1076 3686 1144 3748 tepea
1165 3684 1255 3733 aliua)
1290 3682 1380 3750 Nam,

221 3772 360 3825 Vahlenus
378 3770 397 3823 l.
416 3770 435 3823 1.
455 3770 508 3821 etsi
527 3769 598 3836 qued
617 3769 665 3820 ille
684 3772 742 3820 ‘at’
761 3767 829 3819 nihil
849 3766 923 3820 aliud
942 3782 1004 3819 esse
1021 3767 1075 3818 nisi
1094 3764 1156 3819 ‘at'
1176 3768 1195 3820 i.
1215 3782 1240 3821 a.
1264 3770 1361 3818 ‘aduc’

220 3858 320 3923 voluit,
338 3859 437 3908 merito
454 3855 573 3921 refellit,
591 3854 663 3907 idem
682 3859 776 3905 tamen
794 3868 856 3905 cum
873 3857 922 3904 ‘at’
940 3857 972 3904 nt
984 3868 1018 3905 ax
1035 3857 1133 3920 ‘atque’
1151 3850 1225 3903 malo
1242 3853 1362 3919 repetito

221 3946 309 3995 ortum
327 3942 422 3993 deleat
440 3946 468 3991 et
486 3942 681 3993 attractionem
700 3937 839 4005 quandam
856 3941 976 4003 statuat,
999 3952 1056 4003 qua
1073 3943 1166 4005 ‘atquc
1173 3939 1312 3989 maadi
1326 3941 1362 3989 ie·

220 4043 264 4093 pes
281 4029 347 4077 alios
365 4027 505 4077 nominare’
524 4025 553 4075 id
570 4026 708 4091 exprimat
726 4023 797 4090 qnod
814 4025 972 4075 sententiae
983 4024 1067 4075 unico
1080 4030 1175 4089 aptum
1186 4021 1363 4073 Heindortiuc
1407 4052 1415 4069 a

221 4111 412 4179 postulaverat
431 4105 471 4174 (in
489 4109 589 4161 Annal.
609 4112 660 4159 inr.
678 4110 779 4163 scient.
797 4108 893 4160 histor.
910 4109 939 4160 11
956 4107 1018 4176 435)
1037 4113 1130 4175 ‘atque
1152 4108 1274 4159 etmawdi
1293 4110 1363 4173 tepea

222 4198 285 4248 ulica
302 4199 370 4261 lepra
388 4192 543 4247 rsondaare’:
562 4210 623 4245 eum
641 4210 752 4247 sensnm
769 4211 802 4245 cx
824 4194 919 4246 verbis
929 4194 971 4245 ita
984 4192 1131 4245 collocatis
1143 4191 1276 4257 quomodo
1288 4194 1363 4257 quis-

199 4287 202 4291 “
223 4296 303 4346 quam
322 4280 419 4332 eliciat
437 4280 529 4331 fateor
546 4294 588 4331 ms
607 4278 725 4333 nescim.
760 4278 819 4330 Nec
836 4279 927 4345 ipsum
945 4279 1033 4344 fugit,
1056 4278 1129 4343 quod
1147 4276 1300 4343 exemplum
1319 4284 1361 4328 at·

222 4364 286 4416 tulit
303 4364 437 4417 eiusmodi
455 4363 633 4415 attractionis
650 4364 664 4415 1
682 4366 712 4427 6,
734 4366 766 4414 19
788 4378 899 4429 prorsus
918 4362 1001 4414 aliter
1021 4378 1052 4414 sc
1069 4362 1183 4417 habere.
1217 4362 1293 4413 Huic
1309 4364 1360 4429 igi·

223 4454 266 4499 tur
282 4450 383 4502 rationi
402 4450 527 4515 quamvis
545 4448 655 4499 Halmio
673 4450 809 4514 probatae
833 4447 1017 4512 concubitu,
1040 4449 1107 4513 quin
1123 4446 1307 4516 pracferenda
1324 4449 1362 4499 ait

224 4534 311 4589 altera
330 4536 365 4589 ad
383 4535 549 4587 seutentiam
568 4550 639 4613 quae
657 4532 798 4601 flagitatur
815 4534 887 4585 benc
905 4531 1095 4585 accomodata.
