3409 5409
720 567 858 614 russvuu
881 569 904 616 1.
1324 555 1383 618 lll

612 863 703 904 ·‹·um
725 863 759 921 p.
783 845 820 904 B.
841 845 920 905 idem
939 857 1044 906 suitur
1066 859 1264 922 suumque
1287 865 1382 924 supra

568 1287 714 1352 ,cupreum
733 1287 811 1338 iubet
828 1286 975 1356 locupleti:
999 1285 1125 1352 locuples
1149 1287 1222 1336 enirn
1245 1293 1288 1337 est
1311 1288 1380 1338 assi·

552 1373 636 1434 ›·liuu,
665 1371 822 1438 appellatus
849 1375 885 1426 sb
913 1387 978 1424 aere
1007 1371 1116 1424 dendo!
1152 1372 1188 1426 os.
1214 1372 1247 1422 de
1271 1387 1328 1438 rep.
1351 1371 1380 1422 II

542 1461 573 1506 ui
593 1457 748 1507 ‘Proletsri
765 1457 833 1508 dicti
851 1463 916 1509 suut
931 1457 1038 1524 plebei,
1058 1457 1105 1522 qui
1121 1456 1190 1506 nihil
1207 1457 1378 1521 reipublicae

400 1569 428 1578 —
537 1551 601 1589 uum
631 1541 737 1606 prolem
759 1542 902 1593 sufficiunt
919 1579 925 1594 .
944 1577 952 1596 .
971 1579 978 1595 .
998 1582 1004 1595 .
1028 1541 1115 1591 Verre
1137 1539 1171 1591 de
1198 1541 1257 1592 uite
1283 1541 1378 1607 populi

528 1628 585 1675 mus
604 1632 684 1676 eraut
701 1629 838 1691 pecuniae
857 1629 941 1692 sotis,
965 1624 1127 1692 locupletis,
1152 1625 1289 1685 assiduos,
1314 1641 1378 1676 cou-

514 1731 529 1762 ’.
556 1712 702 1762 Assiduo
720 1712 884 1763 neminem
902 1711 1073 1762 uindicem
1090 1709 1286 1773 uoluerunt,
1304 1709 1378 1760 locu-

192 1761 357 1818 ,π’-ἶ·
437 1818 451 1829 ··
465 1795 585 1845 --uletem
604 1795 662 1847 Otto
684 1796 757 1847 Tlos.
776 1796 829 1847 ΙΙΙ
843 1814 874 1862 p.
886 1800 928 1848 27.
948 1797 1003 1847 uisi
1021 1795 1174 1860 assiduum,
1193 1795 1221 1845 id
1241 1799 1284 1845 est
1302 1795 1377 1846 locu·

137 1858 222 1913 ι
507 1883 571 1933 .·l‹lv.
590 1884 636 1942 29,
656 1885 697 1932 15.
733 1881 789 1933 Sed
804 1889 917 1947 apparet
936 1884 1014 1947 pluro
1037 1882 1182 1931 desiderari
1202 1897 1220 1930 α
1238 1881 1322 1937 Nonio
1340 1887 1377 1930 te-

178 1967 440 2039 -.
458 1994 496 2018 e..
509 1967 545 2027 ul„
559 1984 585 2031 p.
600 1967 648 2017 155
672 1981 699 2018 u.
711 1966 861 2017 Proletarii
874 1968 951 2018 ciues
971 1983 1004 2017 ex
1023 1964 1115 2016 Gellio
1127 1965 1160 2015 ll.
1173 1963 1205 2015 A.
1218 1966 1284 2018 XVI
1298 1967 1338 2028 10,
1351 1965 1376 2015 8.

99 2088 103 2097 .
131 2076 258 2113 4——
486 2067 547 2100 nou.
576 2050 655 2100 latin.
679 2067 705 2115 p.
728 2052 780 2102 469
801 2053 839 2105 Μ.
874 2051 979 2103 Psulus
1002 2052 1070 2101 Exc.
1094 2065 1128 2100 ex
1149 2051 1233 2100 Festo
1256 2065 1282 2114 p.
1301 2053 1317 2100 9
1339 2051 1377 2103 M.

143 2136 155 2149 '
463 2151 523 2188 ur.
539 2177 563 2189 ,.
591 2173 599 2188 .
632 2134 690 2184 Alii
713 2135 852 2208 assiduum
875 2135 1042 2201 locupletem
1066 2135 1145 2200 quusi
1163 2133 1308 2185 multorum
1332 2150 1376 2186 os-

444 2225 584 2284 putarunt.
607 2219 663 2269 Alii
682 2234 743 2270 eum
762 2221 809 2286 qui
826 2224 937 2286 sumptu
955 2221 1066 2286 proprio
1084 2218 1239 2282 militabat,
1257 2221 1292 2270 ab
1313 2235 1376 2270 usse

416 2322 481 2354 ..um
508 2304 720 2357 existimarunt!
755 2305 856 2355 Festus
873 2321 899 2372 p.
919 2306 969 2356 376
987 2305 1024 2358 Μ.
1043 2303 1166 2356 ‘Vindex
1189 2303 1225 2354 ob
1249 2319 1281 2354 eo
1305 2303 1376 2368 quod

405 2391 539 2452 ..lominus
557 2391 595 2452 is,
618 2391 667 2454 qui
688 2404 803 2455 prensus
826 2394 871 2441 est
892 2389 928 2440 ab
953 2389 1059 2454 aliquo,
1083 2382 1230 2442 teneatur!
1265 2389 1329 2454 Dig.
1349 2391 1374 2452 2,

358 2478 362 2487 '
413 2475 498 2525 ouius
516 2474 561 2526 l.I
579 2473 614 2524 ed
631 2474 722 2540 legem
736 2474 789 2525 XII
801 2474 860 2528 tob.
879 2475 944 2538 ‘Qui
956 2477 985 2524 iu
998 2475 1040 2525 ius
1057 2478 1175 2524 uocatus
1194 2477 1250 2538 est,
1269 2473 1375 2524 duobus

383 2559 542 2610 partiendus
561 2563 617 2609 est:
640 2559 742 2624 siquis
760 2561 820 2610 eius
837 2575 985 2625 perronem
1003 2559 1141 2622 defendit,
1162 2563 1190 2610 et
1207 2559 1245 2622 si,
1264 2559 1327 2610 dum
1345 2560 1375 2609 iu

380 2672 413 2695 n.
434 2645 466 2693 ‹lc
485 2659 515 2694 re
533 2648 706 2695 transactum
722 2644 828 2695 fuerit)

377 2770 444 2812 »stus
461 2779 487 2828 p.
501 2765 549 2814 3⁶21
563 2763 600 2812 Μ.
619 2763 762 2828 ‘(Seuutes
785 2763 865 2828 quusi
883 2763 987 2826 seuolti
1006 2760 1166 2830 appellem,
1183 2761 1213 2813 id
1231 2767 1274 2814 est
1291 2778 1374 2814 suus-

353 2849 405 2900 ··is.
426 2847 498 2912 Ser.)
517 2847 655 2915 Sulpicius
674 2847 810 2912 (liuius).
831 2886 838 2898 .
858 2887 864 2899 .
885 2853 913 2900 et
930 2848 1051 2915 Opiliu(s
1068 2847 1196 2900 Aurelius
1219 2848 1261 2898 ite
1279 2848 1374 2899 existi-

348 2934 393 2980 ·mi
411 2931 564 2995 inferio(ris
582 2933 788 3000 superiorisque
806 2932 862 2984 loci
883 2931 986 3000 socios)
1004 2937 1035 2984 ut
1053 2933 1196 2998 Tiburte(s
1219 2947 1302 2999 supra
1320 2933 1374 2983 Ro·

340 3031 457 3081 ·rosque,
477 3019 524 3081 qui
542 3018 614 3081 cum)
632 3017 733 3084 populo
749 3016 873 3081 Tibur(ti
891 3017 1106 3070 couiuruuercut
1124 3018 1152 3068 iu
1170 3017 1249 3084 egro)
1263 3019 1374 3070 Tiburti

337 3117 369 3150 uo
387 3103 417 3150 iu
436 3102 531 3152 foedus
550 3107 579 3153 et
597 3102 668 3153 alios
686 3103 818 3167 quosdam
837 3103 1044 3168 inielriorisque
1067 3099 1136 3170 Iolci
1157 3103 1273 3168 populos
1296 3118 1371 3153 rece-

332 3224 336 3234 .
373 3184 456 3251 Ilinc)
475 3187 504 3236 in
522 3187 590 3240 XlI:
609 3187 690 3239 ‘llex
708 3223 715 3238 .
736 3224 743 3236 .
763 3223 770 3238 .
788 3188 818 3238 id
836 3193 880 3240 est
896 3187 1039 3251 honorium
1058 3191 1086 3239 et
1102 3187 1131 3238 iu
1149 3187 1230 3238 fidem
1248 3191 1372 3253 recepto·

312 3274 319 3293 ·
343 3271 475 3335 Supplevit
491 3271 638 3324 Hueoikiue
655 3274 687 3324 de
705 3275 761 3324 iure
778 3276 842 3325 neci
856 3291 884 3339 p.
903 3277 955 3326 255
973 3281 999 3324 ct
1016 3273 1127 3338 [mispr.
1146 3275 1264 3323 anteisse.
1281 3289 1310 3337 p.
1329 3277 1371 3324 26.

327 3357 376 3405 318
389 3356 425 3408 M.
444 3355 574 3408 ‘Serretes
592 3357 662 3407 dicti
679 3363 758 3419 suut,
776 3357 823 3424 qui
840 3373 924 3424 supra
944 3358 1075 3422 infraque
1093 3358 1207 3407 Romam
1226 3357 1371 3409 habitaue-

333 3439 404 3504 quod
426 3454 525 3491 nomeu
550 3441 593 3492 his
620 3443 686 3504 fuit,
715 3443 782 3508 quio
803 3458 865 3492 cum
887 3443 1056 3494 deiecissent
1085 3459 1102 3492 u
1125 3441 1267 3502 Romanis,
1292 3443 1371 3492 breui

308 3525 449 3575 redierunt
466 3527 494 3574 iu
513 3526 664 3576 amicitiam
683 3526 762 3591 quusi
780 3530 882 3576 sonate
900 3531 999 3577 mente.
1026 3527 1125 3591 Itaque
1142 3527 1171 3575 iu
1189 3520 1242 3576 XII
1260 3531 1371 3576 cautum

290 3616 320 3656 nr
337 3609 409 3659 idem
432 3609 500 3660 iuris
523 3617 597 3661 esset
615 3611 765 3662 Sanatibus
784 3611 857 3677 quod
874 3611 1035 3676 Forctibus,
1057 3611 1149 3662 idest
1172 3611 1251 3661 bonis
1274 3616 1302 3662 et
1324 3613 1371 3676 qui

274 3709 373 3756 nquam
391 3694 556 3746 deiecerunt
573 3679 633 3750 aP'.
645 3696 691 3746 R.'
719 3695 824 3746 Paulus
841 3713 868 3761 p.
881 3696 914 3746 84
925 3695 963 3752 M.
981 3697 1108 3749 ‘sorores
1121 3694 1277 3763 (Forotusi)
1296 3696 1371 3762 frugi

280 3781 367 3828 bonus
389 3781 449 3830 siue
471 3780 603 3832 validus!
637 3781 679 3835 Id.
696 3798 724 3847 p.
744 3784 792 3833 102
809 3781 847 3830 Μ.
867 3781 1016 3833 ‘Horetum
1041 3786 1069 3833 et
1086 3782 1205 3832 loretum
1227 3797 1276 3848 pro
1299 3783 1369 3834 bono

274 3864 377 3916 obant’
402 3863 509 3917 Gellius
527 3866 559 3917 N.
577 3869 610 3917 Δ.
628 3865 693 3918 XVI
711 3869 751 3929 10,
770 3867 796 3918 8.
815 3867 859 3930 (Τ.
876 3866 891 3917 Ι
910 3869 965 3928 10.)

250 4035 429 4045 -—-—-——-

311 4173 341 4231 5.
363 4173 509 4232 Husoblcii
520 4177 719 4248 supplementa
733 4176 812 4249 dedi,
828 4178 886 4234 nisi
898 4177 975 4250 quod
988 4179 1145 4253 sanatisque
1159 4179 1264 4251 scripsi
1277 4176 1368 4234 Muel-

271 4276 318 4315 um
333 4267 463 4333 secutus,
480 4262 531 4334 qui
539 4268 607 4333 post
623 4263 801 4335 Sooliperum
815 4263 908 4318 locum
928 4265 966 4318 ito
987 4265 1124 4334 refinxit:
1143 4264 1209 4320 Neri
1229 4263 1368 4338 solutique

247 4344 339 4402 alosti
354 4348 510 4421 sanatisque
525 4347 596 4403 idem
611 4348 654 4403 ius
670 4353 739 4404 esto.
769 4343 850 4423 (Nero
871 4348 1018 4422 solutoque
1040 4347 1104 4405 lorti
1120 4350 1264 4423 sanctique
1280 4345 1366 4427 Scol.)

226 4427 407 4486 Husclkium
418 4433 509 4503 poulo
524 4436 638 4488 inverso
652 4433 752 4490 ordino
767 4433 897 4504 sequitur
920 4430 1065 4490 Bromius
1086 4433 1193 4490 Fontes
1210 4436 1266 4490 ior.
1283 4433 1366 4491 Rom.

226 4521 285 4571 ont.
297 4531 327 4584 p.
345 4520 364 4570 5
370 4537 380 4569 :
394 4515 459 4572 Nori
475 4517 646 4590 mancipique
661 4519 704 4574 ius
719 4516 785 4573 lorti
806 4517 950 4592 sanctique
964 4535 1047 4592 supra
1068 4517 1192 4592 iulrtque
1208 4517 1319 4576 Romam
1340 4521 1368 4577 id

279 4617 283 4622 ·
302 4599 377 4674 quod
390 4601 495 4676 populo
509 4602 639 4659 llomeuo.
