3409 5409
669 563 808 616 suavus
829 566 892 617 xu.
1294 554 1352 617 161

719 722 751 785 4.
776 722 837 807 (3.)

294 857 326 905 sr
349 856 538 904 vrnurorrn
560 856 700 905 suessa
729 858 834 903 svers
864 857 943 905 srva
965 858 1056 906 ruris
1079 892 1087 907 .
1110 887 1119 904 .
1144 890 1152 905 .
1176 844 1354 925 [nonos]

206 958 380 1005 ARBITROS
408 959 487 1007 rurs
516 958 630 1023 asro,
660 958 781 1005 aouvu
808 959 978 1005 aanrruro
1002 991 1010 1007 .
1036 990 1077 1005 ..
1110 959 1265 1009 severus
1293 960 1354 1005 uv-

206 1060 338 1107 esrosa
362 1060 513 1107 nasrsvu
536 1060 717 1109 uecnuro.
1005 1026 1014 1045 ⁹

711 1196 771 1261 *5.
809 1197 839 1261 4.

292 1313 396 1378 Gaius
425 1312 447 1377 Ι.
476 1314 526 1380 VI
554 1314 598 1379 ad
625 1314 731 1400 legem
760 1198 831 1379 xil
843 1199 1057 1381 lineolarum.
1102 1316 1145 1381 D.
1167 1315 1229 1396 44,
1258 1316 1294 1397 6,
1323 1317 1355 1381 3.

208 1415 325 1496 ‘liem,
347 1415 388 1479 de
410 1437 477 1501 qua
503 1416 728 1481 controuersia
749 1425 816 1497 est,
843 1416 1056 1503 prohibemur
1083 1418 1117 1481 in
1145 1438 1274 1481 sacrum
1302 1418 1356 1481 de-

208 1516 333 1581 dicare:
368 1516 513 1603 alioquin
545 1516 638 1603 dupli
671 1540 812 1604 poenam
830 1519 991 1604 -patimur
1014 1565 1178 1583 ......
1212 1520 1269 1583 aed
1298 1520 1355 1583 du'-

207 1616 297 1703 plum
325 1628 436 1684 utrum
459 1618 537 1683 fiseo
561 1642 603 1683 an
627 1620 817 1684 aduersario
844 1619 1161 1705 praenuntiarunt,
1189 1620 1271 1685 nihil
1299 1643 1355 1686 ex·

207 1718 382 1805 primitur?

208 1978 313 2029 stiterit
330 1978 415 2041 alter,
439 1980 464 2028 ai
480 1981 560 2030 modo
578 1995 640 2030 cum
659 1998 692 2032 eo
711 1994 818 2046 quoque
837 1997 871 2031 ex
895 1980 957 2047 lege
975 1979 1088 2047 Aquilia
1110 1979 1155 2031 uel
1178 1996 1211 2031 ex
1235 1981 1289 2031 XII
1313 1986 1354 2033 ta·

208 2062 284 2113 bulis
302 2064 349 2128 agi
367 2066 473 2127 potest,
493 2069 602 2129 repetat
621 2081 638 2114 a
656 2066 732 2115 sosio
750 2066 834 2115 sicuti
854 2082 915 2116 cum
935 2066 1073 2115 communi
1091 2066 1132 2115 rei
1150 2067 1272 2116 nocitum
1292 2069 1354 2117 est!

207 2148 311 2197 Paulus
329 2146 405 2197 Seni.
424 2148 535 2212 1131st
553 2148 667 2201 ‘Seruus
685 2152 732 2215 qui
750 2151 853 2200 furtum
872 2151 974 2201 iecerit
991 2150 1154 2201 damnamus
1173 2149 1281 2200 dederit
1298 2151 1353 2201 nisi

207 2228 236 2281 id
254 2247 302 2299 pro
321 2233 364 2282 sui
381 2234 538 2297 quantitate
556 2232 681 2285 dominus
699 2236 804 2285 sarcire
822 2237 861 2284 sit
878 2239 1006 2300 paratus,
1025 2250 1114 2285 noxae
1135 2234 1198 2285 dedi
1218 2234 1330 2300 potest!

274 2319 300 2371 4.
318 2318 419 2367 Festus
441 2333 466 2382 p.
477 2318 528 2367 376
539 2317 577 2371 Μ.
596 2321 640 2380 (st
657 2316 793 2383 Momms.)
813 2318 972 2369 ‘vindiciae
992 2318 1169 2384 appellantur
1187 2335 1231 2371 res
1250 2336 1300 2370 eae
1319 2320 1353 2370 de

207 2402 307 2466 quibus
326 2402 516 2453 controuersia
540 2407 596 2461 est,
615 2401 687 2467 quod
705 2403 797 2467 potius
815 2402 918 2452 dicitur
935 2404 978 2467 uis
997 2418 1079 2469 quam
1102 2402 1132 2453 tit
1149 2404 1222 2455 inter
1240 2419 1287 2455 eos
1307 2406 1354 2469 qui

208 2470 404 2537 contendunt.
425 2523 431 2536 .
451 2519 485 2535 ..
519 2486 561 2536 De
585 2502 638 2551 quo
659 2489 745 2538 uerbo
769 2486 884 2537 Cincius
907 2488 948 2537 sio
971 2488 1024 2537 aits
1047 2487 1208 2539 ‘vindiciae
1230 2490 1295 2539 olim
1313 2488 1353 2537 di-

207 2572 341 2622 cebantur
358 2570 423 2621 illae
442 2570 500 2632 (orn.
522 2572 573 2621 Ed.
591 2573 675 2635 princ.
695 2574 769 2622 1510.
787 2574 872 2637 suppl.
889 2573 1053 2623 Victorianus
1070 2574 1112 2625 ecl.
1124 2574 1232 2637 Anqnst.
1251 2572 1352 2639 glebae

207 2655 368 2719 Bernartius)
396 2670 468 2720 quae
496 2672 529 2707 ex
553 2656 637 2706 iuncto
660 2662 785 2722 sumptae
806 2658 834 2707 in
854 2657 896 2707 ius
916 2656 1026 2707 adlatae
1045 2660 1144 2710 erant?
1168 2658 1205 2708 At
1219 2657 1277 2713 Ser.
1291 2658 1354 2709 Sul-

207 2741 296 2806 picius
313 2739 434 2805 (nomine
454 2738 551 2805 et)iam
574 2741 756 2806 singulariter
773 2742 892 2792 formato
911 2742 1061 2791 uindiciam
1087 2757 1148 2793 esse
1172 2744 1213 2792 ait
1238 2741 1353 2807 (dietam

207 2826 272 2890 qlua
296 2824 330 2876 de
354 2841 384 2875 re
408 2827 599 2877 controuersia
626 2831 676 2885 est,
700 2827 734 2877 ab
759 2841 791 2876 eo
815 2825 889 2891 quod
911 2825 1083 2877 uindicatum
1108 2830 1135 2877 et
1155 2826 1223 2893 (uti)
1247 2829 1276 2878 iu
1298 2830 1353 2880 XII

207 2910 253 2959 ‘si
273 2945 280 2960 .
299 2944 307 2959 .
327 2910 346 2960 .'
374 2908 411 2963 ci.
431 2910 497 2961 cod.
517 2909 769 2976 Theodos.IV19‚
789 2914 802 2961 1
822 2910 914 2974 ‘Quod
933 2928 950 2961 a
967 2912 1048 2963 nobis
1067 2911 1191 2979 exemplo
1211 2914 1353 2978 aequabili

207 3010 240 3045 ex
259 2994 327 3044 iuris
345 2994 430 3059 prisci
448 3000 492 3045 est
510 2996 633 3047 formulis
651 2996 851 3056 introductum,
870 3003 902 3047 ut
920 2998 986 3061 qaia
998 2997 1088 3047 malae
1101 2996 1165 3047 fidei
1176 3012 1351 3064 possessores

205 3079 236 3129 iu
253 3080 360 3130 tructus
372 3078 470 3145 duplos
483 3080 695 3147 conuenienter,
713 3093 806 3145 aeque
824 3080 915 3132 malae
932 3081 997 3133 fidei
1009 3081 1147 3133 debitores
1159 3081 1247 3133 simile
1260 3080 1352 3133 damni

205 3162 358 3229 periculum
380 3169 582 3230 persequatur!
622 3166 709 3216 Gaius
726 3166 745 3217 l.
763 3167 802 3217 VI
821 3166 857 3216 ad
878 3167 969 3231 legem
987 3167 1041 3217 XlI
1059 3166 1135 3217 tabb.
1161 3167 1194 3217 D.
1214 3169 1255 3230 22,
1276 3168 1300 3228 1,
1320 3169 1352 3217 19

205 3236 365 3301 ‘Videamus
384 3265 420 3299 au
439 3250 469 3299 iu
486 3250 611 3301 omuibus
635 3251 718 3300 rebus
735 3251 834 3315 petitis
857 3252 886 3301 iu
905 3251 1011 3301 fruetus
1031 3266 1136 3315 quoque
1156 3252 1354 3302 condemnetur

205 3333 362 3401 possessor’
382 3352 406 3388 e.
421 3350 447 3400 q.
460 3350 483 3385 s.
521 3334 658 3401 leianus
676 3336 711 3385 D.
730 3338 776 3398 10,
794 3337 826 3397 4,
844 3338 861 3385 9
879 3338 894 3397 ἓ
913 3340 929 3386 6
948 3320 1019 3384 ‘nisi
1036 3339 1150 3400 paratus
1174 3336 1212 3385 sit
1230 3338 1352 3402 repetita

205 3419 249 3470 die
267 3420 450 3470 intentionem
469 3419 612 3485 suscipere
630 3420 685 3484 ita,
704 3424 736 3469 ut
754 3420 861 3470 tructus
879 3419 1029 3470 secundum
1050 3419 1138 3485 legem
1158 3421 1351 3497 aestimentur.

204 3504 308 3555 Paulus
331 3505 399 3555 Exe.
418 3520 451 3554 ex
469 3505 552 3555 Festo
571 3520 597 3569 p.
615 3505 648 3553 66
666 3505 703 3557 Μ,
722 3504 905 3571 ‘Dupliouem
928 3504 1035 3568 antiqui
1057 3503 1189 3553 dicebaut
1209 3506 1280 3570 quod
1301 3522 1351 3557 nos

205 3589 329 3656 duplum,
350 3590 430 3640 uenit
450 3593 541 3639 atatem
561 3604 578 3638 a
600 3604 702 3653 graeco
718 3587 856 3641 orateur!

290 3830 319 3892 4.
343 3832 460 3891 sluelitis
474 3875 480 3887 .
493 3875 500 3889 .
514 3875 520 3888 .
535 3874 542 3891 .
557 3840 601 3891 tor
613 3831 671 3891 arb.
691 3830 780 3890 Varie.
791 3834 873 3889 2731.
888 3831 965 3891 reru.
983 3816 1163 3891 Ursinianus.
1180 3832 1240 3889 siue
1256 3833 1311 3890 litis
1324 3876 1350 3893 ..

206 3927 248 3977 ter
270 3919 327 3976 arb.
356 3918 538 3975 Victorianus
560 3921 619 3975 uiuo
641 3920 697 3975 litis
720 3919 777 3975 arb.
808 3918 870 3975 Vnt.
899 3922 972 3974 1549
998 3918 1053 3977 Ed.
1074 3918 1195 3990 Auunci.
1220 3916 1271 3993 (tot
1291 3918 1348 3976 arb.

203 4022 259 4079 my.
277 4002 361 4078 Ano.)
393 4006 415 4060 si
432 4004 499 4059 uelit
520 4006 543 4059 is
566 4013 677 4078 praetor
698 4005 755 4060 arb.
777 4004 898 4060 Ursinus
917 4005 999 4074 prob.
1017 4002 1185 4059 Huschtr'ns
1205 4003 1267 4059 Iur.
1292 4012 1349 4059 unt.

202 4106 232 4161 p.
252 4094 290 4145 26
304 4090 502 4145 Murnmsenus.
524 4090 563 4144 rei
579 4089 639 4145 siue
659 4090 717 4145 litis
738 4089 795 4145 arlr.
819 4089 954 4145 Cuiucins
976 4089 1054 4145 Otrss.
1080 4088 1153 4143 Vt!
1170 4088 1253 4158 prol.
1272 4088 1348 4144 Scul.

204 4176 242 4230 al.
268 4176 350 4230 sititis
367 4183 394 4228 et
410 4173 588 4229 uiuiticiurum
603 4182 715 4247 praetor
729 4173 787 4230 urb.
806 4172 837 4231 0.
855 4175 1012 4229 Muellerus
1028 4173 1110 4229 stlitis
1127 4172 1304 4229 ulrnliciarum
1318 4192 1344 4247 p.

204 4277 229 4315 a.
245 4259 381 4314 Kellerus
395 4258 482 4313 Proc.
498 4259 570 4314 cinit.
589 4275 622 4329 p.
641 4264 677 4314 29
692 4276 720 4315 n.
739 4263 804 4316 tus.
826 4268 937 4335 praetor
951 4261 1063 4315 seclusi.
1131 4258 1181 4313 tris
1204 4257 1266 4313 Vnt.
1287 4262 1301 4311 l
1318 4263 1350 4313 2:

205 4354 262 4401 tres
276 4348 326 4400 eti.
344 4345 415 4398 roris
431 4341 568 4413 madan.
600 4360 696 4399 corum
712 4343 826 4401 arbitrio
847 4346 1036 4401 Ursinianus:
1052 4359 1144 4400 eorum
1161 4341 1266 4398 arbitrii
1287 4342 1348 4398 Vnt.

205 4432 258 4484 12
281 4428 337 4483 Ed.
355 4430 428 4499 Anu.
450 4444 505 4483 om.
520 4428 646 4483 initiata
669 4426 774 4483 Victor.
806 4430 881 4485 Ante
897 4430 1002 4486 tructus
1018 4432 1123 4484 lacuna
1139 4428 1219 4483 ncilla
1234 4430 1262 4483 in
1287 4428 1349 4483 Vut.

111 4556 116 4563 ,
206 4516 284 4569 1549
298 4519 326 4567 et
341 4514 395 4568 Ed.
413 4512 485 4584 Aua.
540 4529 604 4567 reus
621 4516 698 4579 (cum
714 4513 861 4581 Marcitio)
877 4530 901 4571 s.
915 4532 1059 4587 possessor
1069 4514 1165 4584 suppl.
1179 4508 1347 4568 Muellerus.

204 4598 242 4654 rei
259 4597 438 4653 Husclriins.
504 4596 592 4654 tactus
607 4597 634 4654 d.
649 4598 766 4680 danuurn
782 4600 889 4656 decidet
910 4600 1016 4656 Victor.

257 4699 379 4751 sebasti,
395 4700 458 4752 Legis
472 4698 512 4741 llll
526 4701 570 4743 tab.
585 4700 647 4755 reliq.
1108 4696 1145 4761 11
