3409 5409
394 535 415 597 4
708 576 710 582 ,
826 548 940 597 carvr
962 549 1112 616 rmuvn.
1164 613 1167 619 Ι

395 702 553 791 proximis
574 702 712 769 saeculis
733 704 866 769 videtur
891 702 1138 769 attribuendum
1159 724 1231 768 esse
1252 726 1307 767 -ε
1335 702 1384 768 ita
1403 717 1445 765 ne
1471 700 1553 788 ipsa

392 805 524 893 quidem
538 806 589 871 his
605 805 876 891 abrogationibus
892 803 958 870 ullo
973 815 1070 893 pacto
1086 815 1157 871 tum
1170 804 1374 871 labefactata
1387 812 1449 869 est.

477 908 547 973 Nee
561 908 687 973 minore
701 908 889 975 constantia
904 917 937 971 et
951 907 1063 973 studio
1076 929 1136 995 per
1149 906 1237 973 idem
1256 916 1392 994 tempus·
1406 904 1450 970 ad
1471 927 1551 969 eru·

372 1010 515 1075 =dienda
529 1010 664 1095 ingenia
687 1032 727 1075 ac
749 1008 883 1095 linguae
904 1009 1043 1075 scientia
1057 1019 1091 1075 et
1110 1030 1174 1074 usu
1193 1008 1372 1075 imbuenda
1391 1008 1447 1073 le'x
1460 1016 1549 1072 tam·

393 1134 493 1199 quam
507 1134 608 1177 uuum
623 1121 656 1177 et
670 1111 896 1177 firmissimum
911 1108 1146 1177 adminiculum
1156 1110 1389 1198 usurpabatur.
1410 1108 1551 1174 Etenim

394 1235 436 1277 ex
451 1236 515 1301 quo
531 1214 625 1300 pueri
638 1212 691 1279 vel
706 1214 794 1279 domi
810 1213 1035 1279 educabantur
1045 1212 1100 1279 vel
1111 1214 1146 1277 in
1160 1212 1256 1279 ludos
1270 1212 1375 1279 ‘laevo
1391 1211 1549 1298 suspensi

393 1314 518 1383 loculos
535 1314 747 1404 tabulamque
766 1316 904 1383 lacerto’
926 1314 970 1380 ad
989 1313 1205 1381 litteratorem
1225 1314 1454 1397 mittebantur,
1471 1311 1549 1377 XII

393 1416 581 1485 tabularum
595 1417 743 1485 libellum
758 1428 791 1485 et
806 1441 906 1483 manu
921 1440 1055 1484 versare
1070 1426 1104 1483 et
1116 1425 1224 1482 mente
1239 1426 1351 1489 tenere
1370 1416 1546 1482 adsuesce·

392 1519 523 1606 bant¹):
540 1520 627 1586 unde
642 1519 690 1585 illi
704 1528 742 1585 ut
757 1542 799 1585 ex
813 1520 959 1586 Homero
975 1543 1035 1586 suo
1051 1520 1173 1586 Graeci
1185 1516 1424 1585 adulescentuli
1444 1517 1546 1588 simul

393 1620 541 1687 discendi
556 1622 728 1689 materiam
743 1622 914 1689 haurirent
929 1632 963 1688 et
976 1622 1108 1709 paterni
1122 1620 1223 1685 moris
1244 1620 1433 1708 ingeniique
1454 1640 1546 1685 amo·

392 1746 461 1789 rem
477 1726 590 1801 statim
611 1724 766 1789 ateneris
783 1724 992 1790 imbiberent.
1022 1723 1073 1788 Ac
1093 1737 1173 1788 sane
1194 1722 1346 1810 equidem
1364 1720 1455 1786 haud
1474 1721 1546 1785 scio

393 1848 445 1909 an,
461 1824 541 1913 quid
556 1827 687 1914 utrique
702 1826 824 1917 populo
839 1826 1009 1914 proprium
1023 1824 1136 1907 luerit,
1152 1823 1213 1891 boc
1230 1823 1381 1890 diversae
1396 1821 1546 1910 discipli·

393 1950 455 1993 nae
475 1928 597 1993 indicio
624 1950 724 2015 quam
749 1932 821 2015 quo'
842 1928 1026 1995 certissime
1050 1926 1276 2013 dignoscatur.
1319 1926 1408 1993 Hine
1432 1936 1546 1991 autem

393 2029 544 2096 effectum
560 2039 626 2113 est,
642 2038 679 2095 ut
694 2028 777 2116 legis
792 2029 997 2118 exemplaria
1011 2028 1135 2117 scripta
1149 2052 1229 2098 mox
1243 2029 1385 2117 plurima
1404 2028 1547 2093 circum-

392 2132 558 2198 ferrentur
567 2168 609 2199 s—
628 2130 664 2195 id
678 2131 767 2219 quod
781 2132 856 2220 ipsa
870 2155 938 2197 vox
953 2137 1102 2197 ‘libellus'
1124 2131 1290 2219 signifieat
1309 2130 1398 2218 apud
1412 2129 1546 2196 Cicero-

392 2256 467 2298 nem
482 2232 522 2298 de
538 2256 585 2299 or.
602 2232 687 2317 144,
707 2233 781 2300 195:
807 2234 886 2325 quin
907 2256 950 2299 ex
965 2232 1112 2299 eiusdem
1126 2234 1237 2300 verbis
1258 2234 1280 2299 l.
1296 2231 1332 2298 II
1352 2232 1393 2297 de
1413 2231 1547 2317 legibus

321 2387 323 2392 .
392 2335 444 2416 23,
460 2334 502 2399 59
518 2338 722 2400 ‘discebamus
736 2342 813 2400 enim
832 2343 924 2417 paeri
936 2340 1008 2400 XII
1019 2346 1053 2402 ut
1064 2358 1187 2403 carmen
1207 2341 1426 2401 neeessariam’
1442 2334 1547 2399 etiarn

392 2436 428 2500 in
449 2436 619 2504 metricam
646 2438 787 2505 formam
810 2436 987 2526 aliquando
1008 2438 1080 2504 XII
1106 2436 1236 2505 tabulas
1258 2436 1363 2503 fuisse
1390 2436 1547 2502 redactas

394 2562 530 2627 eamque
545 2542 604 2607 vix
619 2538 717 2625 aliam
732 2549 830 2627 atque
847 2540 995 2607 Saturnii
1008 2542 1134 2606 numeri
1154 2563 1228 2606 eum
1243 2540 1371 2605 aumma
1389 2537 1546 2627 probabi·

395 2815 515 2867 alienam
534 2816 639 2867 inferat
657 2814 864 2869 conclusionum
885 2815 950 2867 inde
972 2816 1189 2883 prebendarum:
1212 2816 1285 2868 idem
1308 2820 1403 2866 tamen
1425 2816 1544 2866 incaute

394 2904 506 2952 serrata
525 2902 721 2951 coniunctione
740 2900 888 2966 temporali
905 2904 964 2952 ‘aad
983 2906 1085 2967 portea'
1104 2901 1229 2953 fraudem
1246 2902 1376 2968 prodidit.
1412 2900 1487 2963 Quin
1504 2914 1544 2949 ne

394 2985 529 3036 Plaetorii
547 2986 658 3050 quidem
675 2985 842 3052 plebeiscito
861 2986 960 3051 probat
977 2986 1049 3052 qnod
1065 2987 1230 3053 probaturus
1248 2990 1300 3038 est.
1324 2986 1436 3037 Etenim
1453 2985 1545 3036 verba

394 3073 442 3121 ‘ad
456 3073 537 3129 solem
550 3076 676 3122 oremam'
697 3072 731 3123 ab
746 3087 784 3139 ,eo
801 3070 839 3137 pl.
852 3071 1030 3132 se.·abfuiaae
1049 3087 1164 3123 neeesse
1183 3070 1240 3123 eat'r
1260 3086 1314 3136 quo
1331 3070 1441 3136 quidem
1461 3073 1545 3119 aute

394 3170 525 3207 oceasum
548 3154 616 3206 solis
640 3155 701 3206 finis
725 3158 890 3208 constitutus
912 3158 959 3208 ait.
998 3157 1039 3208 Ae
1061 3172 1156 3223 parum
1181 3160 1245 3223 apte
1269 3172 1303 3207 ea
1324 3156 1354 3206 in
1379 3158 1544 3207 continuum

394 3241 538 3292 verborum
557 3240 680 3293 ordinem
698 3243 867 3293 inseruntur:
887 3257 959 3307 quae
977 3242 1093 3293 offensio
1105 3258 1160 3294 nou
1172 3241 1278 3293 tollitur
1290 3242 1464 3293 Lachmauni
1476 3254 1544 3291 eon·
1564 3250 1570 3257 ·

394 3327 517 3388 iectura3
536 3340 599 3375 narn
617 3330 707 3393 ‘usqae
724 3331 877 3392 suprentam’
896 3327 1009 3377 etiamsi
1027 3327 1171 3394 probabile
1189 3326 1343 3389 videretur,
1361 3326 1439 3377 nullo
1460 3324 1544 3377 modo

395 3410 538 3477 significat
556 3416 658 3477 ‘usque
676 3426 735 3477 per
752 3416 845 3477 supr),
869 3412 919 3463 aed
936 3417 1038 3477 ‘usqne
1062 3412 1102 3463 ad
1119 3416 1206 3479 anpa’
1245 3412 1341 3477 Neque
1364 3416 1457 3463 tamen
1477 3410 1544 3462 ideo

395 3496 604 3547 condemnanda
621 3500 686 3547 sunt
703 3512 763 3548 cnm
781 3497 928 3548 Carriouez
947 3498 1029 3548 immo
1046 3498 1163 3565 suspitio
1186 3501 1230 3549 eat
1250 3498 1340 3563 ipsum
1359 3495 1544 3548 Censorinum

395 3598 429 3635 ea
449 3580 609 3647 explicandi
627 3584 720 3647 gratia
737 3580 809 3649 legis
826 3582 920 3633 verbis
939 3598 973 3633 ex
990 3582 1046 3633 alio
1064 3584 1197 3642 Varronis
1214 3583 1276 3633 loeo
1293 3573 1442 3648 descriptis
1465 3578 1545 3632 addi-

395 3666 483 3727 disee,
502 3664 574 3716 nude
594 3666 622 3716 id
640 3666 729 3733 ipsum
752 3666 878 3718 efficeret
895 3668 968 3733 quod
985 3684 1000 3718 e
1017 3684 1047 3718 re
1066 3682 1116 3719 sua
1135 3672 1217 3723 esset.
1255 3666 1378 3733 Opponlt
1400 3667 1474 3718 onim
1491 3666 1547 3716 ‘ad

394 3753 471 3801 solem
488 3751 720 3817 occmm’priori
738 3757 821 3817 ‘poet
838 3768 863 3805 o.
882 3756 916 3804 a’
934 3767 1032 3819 parum
1048 3752 1098 3804 ille
1117 3768 1217 3805 curans
1238 3752 1280 3803 rei
1297 3754 1453 3804 veritatem.
1488 3750 1544 3801 Oa·

395 3841 483 3887 terum
507 3835 640 3887 confiteor
661 3836 735 3887 haud
758 3837 825 3889 mihi
846 3836 958 3903 plaeere
981 3838 1238 3889 Lachmanuianam
1265 3836 1486 3889 emendationem
1513 3839 1545 3885 et

395 3925 508 3987 propter
524 3920 653 3972 vocabuli
672 3924 772 3989 ‘arque’
792 3937 854 3973 cnm
872 3925 1034 3974 accusativo
1052 3924 1141 3975 iuneti
1158 3939 1237 3975 usum
1254 3928 1407 3989 argenteae
1430 3922 1540 3973 demum

395 4006 545 4069 latinitati,
564 4022 618 4057 non
636 4007 769 4072 antiquae
789 4006 845 4073 legi
864 4008 1053 4075 imputandum
1070 4014 1100 4060 et
1118 4012 1232 4076 propter
1247 4008 1335 4061 rerba
1353 4010 1457 4075 ‘desque
1472 4009 1546 4057 inter

395 4094 463 4143 cirea
480 4093 568 4143 dtetto'
593 4093 673 4157 quasi
697 4092 861 4158 appendicia
884 4091 947 4144 loeo
969 4092 1161 4160 adglutinatur
1186 4110 1248 4147 eum
1268 4099 1363 4146 tamen
1386 4093 1429 4145 bis
1448 4092 1544 4159 potius

395 4190 476 4241 quam
494 4175 551 4227 illia
569 4178 630 4229 ‘duo
648 4180 751 4229 lictores
769 4180 840 4243 apud
855 4193 884 4228 re
900 4178 1003 4230 dabeto'
1021 4180 1152 4246 temporis
1175 4182 1346 4233 notationem
1370 4178 1435 4230 addi
1457 4192 1544 4243 expe·

396 4266 466 4313 ctos.
506 4262 579 4313 Hine
602 4263 757 4329 putaverim
781 4266 885 4330 ‘isque’
907 4279 928 4317 s.
955 4266 1066 4331 ‘iisque’
1089 4272 1246 4333 corruptum
1270 4282 1332 4317 esse
1356 4280 1390 4316 ax
1412 4265 1544 4330 ‘tequea

395 4346 468 4411 quod
490 4347 578 4412 iprum
602 4348 702 4399 deinde
727 4347 820 4401 alieno
842 4348 905 4399 loeo
926 4348 1034 4400 illatum
1058 4351 1109 4414 ait,
1138 4350 1284 4417 locumque
1307 4352 1349 4401 ita
1371 4349 1544 4400 retinuerim:

395 4433 456 4483 ‘duo
474 4434 527 4483 liet.
545 4435 617 4499 apud
636 4450 664 4485 ae
683 4433 778 4510 'habeto
801 4436 915 4501 iusque
937 4437 979 4487 ad
999 4452 1140 4501 supremam
1157 4434 1208 4503 (ad
1228 4440 1305 4487 tolera
1328 4434 1454 4501 occuram)
1473 4438 1546 4485 ram

394 4518 461 4567 river
478 4518 577 4569 dicito!

464 4600 484 4665 ¹)
503 4602 540 4653 cl.
560 4602 658 4655 Cicero
677 4602 711 4654 de
730 4604 802 4671 legg.
822 4606 851 4657 II
869 4609 896 4671 4,
914 4610 939 4658 9.
969 4609 1011 4669 23,
1030 4608 1073 4659 69.
1103 4604 1220 4659 Plautus
1233 4606 1314 4662 ldost.
1327 4607 1425 4672 12,st
1442 4622 1468 4657 r.
1483 4606 1544 4656 12⁶.
