3409 5409
357 556 403 602 oa
426 554 475 601 un
498 554 712 600 rsavonnvu
734 554 912 615 aantovns
935 555 1223 607 consutovaums.
1322 542 1363 607 87

209 716 410 790 persentiscat
423 728 532 772 numam
547 713 597 772 ott
609 717 655 771 est
669 712 870 771 absconditum
877 717 899 782 ,·’
923 707 966 773 of.
982 708 1069 773 Men.
1086 711 1121 775 II
1139 712 1167 793 1,
1183 710 1241 795 423
1266 711 1359 776 Asin.

213 814 297 894 114,
313 813 356 877 5-1
371 815 449 875 ‘non
464 817 569 889 manni
577 816 694 891 pendo,
715 833 753 875 ne
773 816 838 874 doit
850 819 878 875 si
891 832 948 876 non
965 818 1048 885 volt?
1079 812 1211 879 Terent.
1227 813 1361 881 Phorm.

212 915 265 978 IV
280 914 312 996 5,
329 916 346 977 1
364 919 430 992 ‘epo
444 918 571 985 corato,
588 935 627 977 ne
646 918 721 992 quid
740 918 895 978 antarum
911 918 991 979 dutt'
1009 913 1052 978 ad
1075 936 1231 1002 praesens
1252 919 1360 1003 potius

212 1015 352 1080 inclinat
365 1015 534 1080 iudicium.
563 1018 614 1081 Ao
628 1016 700 1080 fieri
715 1014 813 1080 facile
828 1015 956 1101 potuit,
980 1026 1017 1081 ut
1031 1020 1165 1105 propria
1184 1017 1281 1083 huius
1297 1019 1361 1083 for-

210 1140 288 1182 mae
314 1118 404 1184 notio
428 1138 491 1182 usu
516 1116 677 1205 paulatim
702 1127 945 1199 attenuaretur,
976 1118 1072 1183 sicuti
1099 1118 1186 1207 apud
1211 1119 1362 1185 Plautum

211 1222 321 1287 ‘faxo'
337 1242 436 1306 saepe
450 1242 566 1306 parum
581 1220 684 1286 distat
698 1220 831 1306 oprimi
845 1218 949 1285 futuri
965 1221 1215 1307 significatione.
1224 1222 1251 1307 ¹)

301 1322 510 1407 Quamquam
526 1344 567 1386 ne
581 1322 644 1387 hoo
659 1322 791 1409 quidem
805 1321 929 1387 infitias
947 1344 1019 1386 eam
1035 1324 1216 1410 praesentis
1233 1346 1361 1412 quoquo

210 1425 460 1490 coniunctivum
488 1445 561 1488 esse
587 1424 714 1489 ‘duim'
741 1422 893 1489 similiter
918 1424 1096 1489 formatum
1126 1436 1224 1513 atque
1252 1430 1361 1510 ‘sim',

210 1526 348 1606 ‘velim',
364 1525 503 1608 ‘nolim'‚
521 1524 669 1607 ‘malim’‚
686 1526 810 1609 ‘edim',
828 1530 1010 1607 ‘temptarint’
1026 1526 1090 1613 (Pl.
1104 1528 1202 1593 Truo.
1216 1528 1233 1593 Ι
1247 1530 1275 1612 1,
1288 1530 1362 1616 41),

212 1666 251 1679 -·-
277 1652 352 1693 nam
373 1648 457 1715 quae
482 1628 533 1692 his
554 1629 726 1693 coniunxit
746 1628 899 1693 Struvius
922 1627 962 1693 de
984 1627 1067 1695 decl.
1090 1640 1123 1695 et
1144 1631 1228 1696 coni.
1250 1653 1282 1717 p.
1301 1632 1361 1696 146

209 1753 353 1817 eumque
368 1740 498 1795 secutus
514 1730 557 1795 G.
575 1730 709 1795 Curtius
725 1728 766 1793 de
783 1739 883 1817 temp.
901 1740 935 1795 et
949 1730 1036 1797 mod.
1052 1754 1084 1819 p.
1100 1731 1178 1797 262:
1200 1736 1361 1812 ‘effodiat’

209 1832 280 1917 (ΡΙ.
295 1832 390 1919 Capt.
407 1832 507 1914 1115,
523 1832 580 1896 66:
603 1834 772 1909 ‘effodiunt’
796 1830 893 1917 Pall.)
902 1882 911 1915 ,
936 1834 1064 1898 ‘cerint’
1082 1834 1193 1919 (Most.
1210 1834 1261 1899 IV
1279 1836 1307 1917 1,
1326 1838 1359 1899 1:

208 1938 255 2002 cf.
271 1934 360 2000 Men.
373 1935 404 1999 V
417 1935 450 2015 6,
462 1933 530 2021 25),
546 1938 688 2013 ‘coquant'
704 1934 836 2019 (Pseud.
850 1934 953 2018 1112,
966 1936 1024 2001 30:
1042 1939 1200 2016 ‘c(oc)unt'
1218 1937 1361 2021 Amba),

210 2045 321 2103 ‘sinit'
336 2039 418 2122 (non
432 2043 527 2114 ‘finit’
544 2075 581 2084 —
598 2046 637 2102 ut
650 2035 733 2101 mire
748 2036 884 2102 Curtius
900 2075 942 2085 —
958 2038 1088 2104 Omni
1106 2040 1133 2114 1,
1149 2038 1189 2103 27
1198 2086 1208 2121 ,
1224 2038 1283 2104 ubi
1297 2039 1361 2123 leg.

210 2140 329 2225 ‘n'rr't’).
345 2162 386 2203 ea
400 2137 454 2205 vel
467 2137 627 2204 librorum
642 2141 837 2203 auctoritate
854 2162 919 2205 non
940 2142 1020 2205 satis
1036 2139 1208 2206 firmantur
1222 2138 1276 2205 vel
1291 2162 1361 2206 cor·

210 2255 312 2331 rupta
331 2251 424 2326 sunt3
447 2246 612 2305 ‘unbem’
636 2249 745 2305 autem
766 2241 870 2325 (Fest.
895 2264 927 2329 p.
947 2241 1024 2329 230)
1045 2264 1179 2329 prorsus
1205 2242 1281 2306 hino
1304 2241 1362 2307 ali·

212 2368 311 2412 enum
331 2366 405 2409 esse
424 2344 538 2409 statim
560 2364 735 2429 exponam.
760 2382 793 2391 -
819 2342 883 2408 Cui
904 2344 1086 2410 sentcntiae
1108 2344 1199 2411 favet
1224 2356 1257 2411 et
1277 2346 1362 2409 mira

210 2447 412 2534 conspiratio
423 2446 510 2510 inter
522 2444 637 2510 ‘duim'
651 2456 683 2510 et
694 2446 957 2532 ‘ooinv’(sansor.
966 2444 1148 2533 ‘da-dytm’
1159 2446 1359 2535 cl.Boppius

212 2552 273 2617 Gr.
290 2570 398 2635 comp.
419 2548 532 2639 5690)
555 2547 725 2642 glossariis
746 2570 876 2634 quoque
898 2548 1038 2635 probata
1061 2585 1095 2595 -
1125 2554 1229 2614 ‘duint
1248 2552 1360 2617 δοῖεν
1478 2588 1482 2595 -

211 2654 409 2719 δώ(ωειν’
426 2651 483 2737 (l).
509 2655 587 2713 ‘duit
600 2651 705 2730 ooin'
721 2650 834 2715 Gloss.
849 2648 979 2714 Philox.
999 2688 1035 2697 -
1052 2660 1083 2715 et
1098 2651 1171 2737 ipsa
1186 2652 1220 2715 in
1235 2649 1360 2738 glossa·

211 2755 270 2819 riis
287 2752 465 2840 explicatio
481 2758 581 2817 ‘duint
594 2758 673 2822 deret,
691 2758 839 2817 tribunat’
858 2751 912 2817 (tl.
929 2751 1095 2839 Amplon.,
1112 2756 1217 2821 ‘duent
1233 2765 1262 2819 et
1276 2758 1363 2819 duint

212 2862 292 2934 dent,
307 2861 451 2920 tribuant
467 2855 522 2920 Gl.
536 2855 605 2919 Mai
620 2854 687 2919 VII
697 2856 772 2937 559,
789 2860 893 2919 ‘duent
904 2859 1107 2919 destribuant’
1123 2854 1177 2922 Gl.
1189 2856 1294 2922 Paris.
1308 2856 1361 2923 ed.

211 2957 365 3023 Hildebr.
379 2980 412 3044 p.
431 2958 507 3023 118:
529 2958 588 3022 ubi
609 2956 697 3043 quod
717 2958 770 3023 bis
786 2968 942 3023 exaratur
957 2946 1089 3023 ‘dunt‘
1104 2958 1167 3023 etsi
1187 2958 1221 3023 in
1236 2958 1361 3045 Papiae

212 3060 315 3147 glosa.
341 3070 392 3125 est
417 3064 528 3125 ‘duent
552 3065 693 3138 deterat&
719 3070 919 3125 nontamen
944 3060 1018 3126 ideo
1051 3060 1154 3125 errori
1178 3062 1359 3127 tribuerim.

212 3164 318 3230 Immo
345 3164 375 3227 si
395 3162 592 3227 conferimus
619 3166 764 3226 ‘adduas
783 3166 957 3226 addideris’
981 3162 1069 3248 apud
1095 3162 1233 3228 Paulum
1258 3187 1291 3251 p.
1308 3162 1359 3245 27,

212 3266 297 3330 hanc
311 3265 398 3329 inter
412 3264 528 3329 ‘duim'
544 3274 578 3330 at
591 3264 713 3329 ‘duem'
730 3265 984 3351 discrepantiam
1000 3266 1110 3351 potius
1130 3266 1173 3330 ab
1188 3266 1360 3352 utriusque

214 3369 308 3454 quasi
323 3367 504 3453 archetypo
520 3366 689 3446 ‘'duiem’
709 3367 830 3452 (δοίην)
844 3366 969 3452 pariter
984 3376 1022 3431 ut
1037 3368 1153 3431 ‘siem’
1162 3415 1172 3449 ‚
1195 3368 1359 3451 ‘veliemg

213 3470 353 3534 formato
366 3469 393 3553 2)
419 3468 631 3554 repetendam
659 3490 731 3532 esse
758 3468 914 3532 dicemus.
945 3467 1094 3556 Namque
1114 3470 1360 3536 coniunctivum

214 3572 444 3657 praesentis
460 3593 501 3635 ne
517 3569 607 3637 dieas
624 3570 746 3635 ‘duem'
762 3592 821 3655 pro
837 3569 961 3635 ‘duam'
978 3569 1123 3637 effictum
1138 3592 1210 3635 esse
1226 3570 1359 3657 antiquo

215 3693 319 3756 more,
343 3696 408 3760 quo
431 3664 564 3737 ’dicensi
578 3684 611 3737 ct
626 3676 770 3748 ‘sonem’
793 3672 964 3758 scripsisse
985 3671 1141 3737 Catonem
1165 3670 1358 3738 Censorium
1383 3700 1384 3703 ¹

215 3774 437 3856 Quintilianus
458 3774 569 3861 prodit
589 3775 606 3839 I
627 3776 657 3856 l,
679 3775 721 3838 23
744 3772 802 3859 (id.
823 3774 900 3841 fort.
917 3773 1023 3839 Plaut.
1039 3774 1158 3840 Pseud.
1175 3772 1272 3860 214),
1295 3796 1358 3861 quo

217 3877 296 3943 adeo
316 3876 445 3942 abiecta
461 3900 495 3940 m
515 3876 625 3941 littera
644 3882 801 3959 attinge,
823 3882 938 3961 (ὥσθ’,
960 3881 1125 3960 ‘ostende'‚
1148 3882 1296 3957 ‘recipie'
1318 3878 1359 3941 si·

216 3978 306 4043 milia
324 3979 488 4066 permulta
508 3980 550 4043 ab
572 3978 686 4043 eodem
702 3978 826 4043 Catone
845 3977 985 4067 aliisque
1000 3978 1129 4067 prolate
1149 4001 1220 4045 esse
1236 3976 1358 4043 Paulus

137 4142 149 4169 0
216 4091 249 4145 et
274 4082 393 4146 Festus
418 4090 582 4145 testantur
607 4104 639 4167 p.
661 4080 713 4145 26.
735 4080 788 4147 ’(2.
808 4081 883 4147 201.
903 4081 966 4145 286
986 4080 1031 4146 Μ.
1060 4081 1102 4147 of.
1131 4080 1287 4146 Placidus
1313 4078 1357 4165 gl.

217 4253 398 4264 —-—.-⁴.--
411 4258 416 4263 .

283 4356 306 4423 ¹)
329 4358 365 4407 ot.
389 4372 461 4421 quae
483 4355 641 4422 Madvigius
664 4356 780 4421 collegit
802 4356 929 4422 exempla
947 4356 1049 4423 Opuse.
1072 4357 1165 4418 11⁷⁶,
1190 4370 1356 4421 quamquam

217 4437 352 4491 teleusin
370 4458 415 4503 eo,
439 4440 510 4506 quod
531 4442 621 4505 ipsum
642 4441 764 4491 futurum
786 4456 920 4506 praesens
947 4442 975 4491 in
998 4441 1103 4493 talibus
1125 4440 1219 4491 formis
1242 4440 1359 4506 agnosci

218 4524 312 4586 voluit,
329 4528 363 4578 de
381 4543 437 4591 qua
454 4528 584 4593 opinione
603 4525 640 4579 cf.
661 4527 693 4576 G.
713 4527 887 4577 llermannus
906 4526 923 4581 l.
944 4528 962 4577 l.

283 4609 304 4674 ²)
324 4612 361 4665 ct.
378 4612 501 4679 Boppius
519 4610 566 4664 Gr.
585 4626 673 4677 comp.
691 4614 706 4672 ξ
723 4612 782 4662 674.
