3409 5409
702 578 840 625 uuuvul
863 580 887 627 1.
1306 564 1365 629 117

799 732 830 797 5.

305 863 390 922 sexi
408 860 598 934 moucipique
618 874 685 919 cum
707 874 741 933 ρ.
765 856 802 915 ll.
824 856 902 916 idem
921 868 1026 917 soum
1048 870 1247 933 secessuque
1268 875 1364 934 supra

215 959 364 1037 infraque
378 963 425 1023 ius
438 967 508 1025 esto.

214 1299 302 1351 duum
319 1316 382 1353 ene
400 1300 511 1363 iubent,
528 1297 697 1365 locupletem
716 1298 794 1350 iubet
810 1297 957 1368 locupleti:
982 1296 1107 1362 locuples
1118 1355 1119 1358 Ἴ
1131 1298 1204 1347 enim
1228 1302 1270 1348 est
1293 1298 1362 1349 esei-

214 1386 304 1450 dune,
331 1390 362 1436 ut
389 1386 429 1435 eit
455 1386 486 1439 L.
508 1382 619 1447 Aelius,
647 1383 805 1449 appellatus
831 1386 868 1437 eb
896 1398 960 1436 sere
989 1380 1099 1435 dendo!
1134 1383 1171 1435 cl.
1197 1382 1230 1432 tle
1254 1398 1310 1447 rep.
1333 1382 1361 1432 11

214 1472 263 1530 22,
281 1472 324 1521 40.
359 1470 465 1521 Nouius
483 1485 511 1534 p.
524 1470 557 1519 et
575 1468 731 1519 ‘Proleteri
748 1468 816 1519 dicti
834 1475 898 1520 suut
914 1468 1020 1535 plebei,
1040 1468 1088 1533 qui
1104 1466 1173 1517 nihil
1190 1466 1361 1532 reipublicae

215 1555 383 1618 exhibeant,
406 1554 456 1605 sed
477 1558 584 1604 tuntum
614 1552 720 1618 prolem
741 1553 908 1606 sufiiciunt.
927 1588 934 1605 .
953 1590 986 1606 ..
1010 1552 1097 1602 Verre
1119 1550 1153 1601 de
1180 1552 1240 1602 uite
1265 1552 1361 1617 populi

214 1638 336 1689 Romani
353 1638 401 1690 lib.
418 1640 446 1690 1:
470 1638 569 1703 quibus
586 1642 666 1689 erent
683 1640 821 1703 pecuniae
838 1640 924 1703 setis,
948 1634 1110 1702 locupletis,
1135 1635 1272 1695 assiduos,
1296 1652 1360 1686 cou-

214 1725 319 1774 trerioe
337 1723 513 1790 proletarios.
538 1723 685 1774 Assiduo
703 1724 866 1774 neminem
884 1721 1055 1773 uindicem
1073 1720 1268 1784 uoluerunt,
1286 1720 1360 1771 locu-

212 1809 297 1874 pleti'
316 1809 382 1873 (uisi
399 1808 568 1875 locupletem
587 1806 645 1859 Otto
666 1808 740 1859 Thes.
759 1808 811 1858 111
825 1826 856 1874 p.
869 1811 911 1859 27.
930 1808 985 1858 uisi
1004 1805 1157 1871 assiduum,
1176 1805 1204 1855 id
1223 1808 1267 1855 eet
1285 1804 1360 1856 locu-

213 1893 319 1958 pletem
341 1893 471 1943 Turnebus
487 1894 555 1946 Aac.
572 1896 619 1954 29,
639 1896 680 1944 15.
715 1892 771 1945 See
786 1901 900 1959 apparet
919 1894 997 1958 pluro
1019 1892 1165 1941 desiderari
1185 1908 1203 1941 a
1221 1891 1305 1941 Nonio
1323 1898 1360 1941 te-

212 1994 284 2031 nere
295 1976 418 2043 resecta).
442 1978 479 2032 cl.
493 1979 528 2040 id,
542 1994 568 2043 p.
583 1978 632 2028 lbb
655 1992 682 2030 u.
694 1977 843 2029 Proleturii
857 1978 934 2029 ciues
953 1994 986 2028 eu
1005 1975 1097 2027 Gellio
1110 1975 1143 2026 ll.
1156 1974 1188 2025 A.
1202 1976 1267 2027 xvl
1282 1978 1321 2039 10,
1334 1976 1359 2025 0.

213 2062 339 2113 'l'homue
362 2063 443 2113 Thes.
467 2078 531 2114 nou.
559 2062 637 2113 letiu.
662 2080 688 2127 p.
711 2064 821 2115 46311.
857 2062 962 2113 Puulue
986 2062 1053 2111 Exc.
1077 2076 1110 2111 ex
1132 2061 1216 2111 Festo
1239 2062 1300 2125 μθ
1322 2061 1359 2113 Μ.

214 2146 362 2198 ‘mirleus
386 2147 506 2200 dicitur.
522 2188 546 2201 ..
574 2184 582 2199 .
616 2146 673 2196 Alii
696 2147 835 2219 assiduum
858 2146 1025 2213 locupletem
1049 2146 1128 2211 queei
1146 2144 1291 2196 multorum
1315 2159 1359 2195 es·

213 2232 287 2281 eium
305 2232 409 2282 dictum
426 2235 567 2297 peterent.
590 2230 647 2281 Alii
664 2246 726 2281 eum
744 2232 792 2296 qui
809 2236 920 2297 sumptu
938 2232 1048 2297 proprio
1067 2228 1221 2293 militabat,
1240 2231 1275 2279 eb
1296 2244 1359 2279 esse

213 2315 307 2367 dendo
334 2320 464 2368 nocetum
491 2316 702 2369 existimarunt)
738 2316 839 2367 Festus
856 2333 882 2383 p.
903 2317 952 2368 316
970 2316 1007 2369 M.
1025 2314 1149 2365 ‘Vindex
1172 2314 1208 2364 ub
1232 2330 1264 2365 eo
1288 2312 1359 2379 quod

212 2400 354 2463 uindicet,
378 2401 523 2467 quominus
540 2402 578 2463 ie,
601 2402 650 2465 qui
672 2415 786 2465 prensus
809 2406 853 2452 eet
876 2401 911 2451 ub
936 2401 1042 2465 aliquo,
1066 2392 1213 2453 tenentur!
1248 2400 1312 2464 Dig.
1332 2402 1357 2463 3,

211 2486 238 2545 4,
256 2487 291 2535 ee
308 2487 359 2547 §L
395 2485 481 2537 Geiue
499 2485 545 2538 l.l
562 2484 598 2536 ud
615 2485 705 2552 legem
719 2484 772 2535 ΧΠ
784 2485 843 2539 tub.
862 2486 927 2549 ‘Qui
940 2488 968 2535 iu
980 2486 1023 2536 ine
1040 2488 1159 2535 nocetne
1176 2487 1233 2548 eet,
1252 2483 1358 2535 duobus

214 2570 328 2621 ceeibue
346 2570 526 2621 dimittendus
545 2574 600 2620 eet:
623 2571 648 2621 ei
665 2570 725 2635 quie
743 2572 803 2621 eius
820 2586 968 2636 personum
985 2570 1124 2633 defendit,
1145 2574 1173 2619 et
1189 2569 1228 2632 si,
1247 2568 1310 2619 dum
1328 2570 1358 2619 iu

212 2654 256 2705 ius
274 2656 397 2716 ueniter,
416 2655 450 2705 de
468 2670 498 2706 re
516 2659 689 2707 trunsuetum
705 2654 811 2706 tuerit)

281 2776 307 2827 b.
325 2774 427 2825 Festus
444 2790 471 2839 p.
484 2776 533 2825 311
547 2774 584 2823 bl.
602 2773 745 2838 ‘(Seuetes
769 2774 848 2839 quusi
866 2773 971 2837 seuslti
989 2770 1149 2841 eppelle(ti,
1167 2772 1196 2823 id
1214 2776 1258 2823 eet
1274 2788 1357 2825 seuu-

212 2860 260 2909 tee
280 2859 389 2912 mentis.
409 2857 481 2923 Ser.)
501 2858 638 2925 Sulpicius
658 2858 768 2923 (Rufus)
787 2900 794 2912 .
815 2896 821 2908 .
841 2896 847 2910 .
868 2864 896 2909 et
913 2858 1034 2925 Opiliule
1050 2857 1180 2910 Aurelius
1202 2858 1244 2908 ite
1262 2858 1358 2909 existi·

212 2939 303 3007 ment)
321 2941 377 2994 dici
395 2942 547 3006 inferiolrie
565 2944 771 3011 superiorisque
789 2943 845 2995 loci
866 2941 969 3009 socios)
987 2948 1018 2995 ut
1036 2942 1179 3008 Tiburte(e
1202 2958 1285 3009 supre
1303 2943 1357 2993 llo·

211 3040 284 3077 mum
303 3026 440 3092 elioeque,
461 3028 507 3093 qui
525 3028 597 3091 cum)
615 3026 716 3095 populo
733 3026 856 3091 Tibur(ti
874 3028 1089 3079 couiureuerent
1107 3028 1136 3079 in
1154 3028 1233 3095 egro)
1246 3028 1357 3080 Tiburti

212 3108 353 3177 ide(mque
371 3112 401 3161 in
419 3112 515 3163 foedus
534 3118 563 3163 et
580 3112 651 3164 ulios
670 3113 802 3177 quoeduru
820 3112 1028 3179 iuie)riorieque
1050 3110 1120 3179 lo(ei
1141 3113 1257 3179 populos
1280 3129 1355 3164 rece-

211 3200 321 3261 perent.
355 3194 440 3262 Hinc)
458 3197 488 3247 iu
505 3198 574 3251 XII:
592 3198 673 3249 ‘ilex
692 3233 699 3247 .
719 3234 726 3246 .
747 3232 754 3248 .
771 3198 801 3248 id
819 3204 863 3249 eet
880 3197 1022 3261 bonor(um
1041 3202 1069 3249 et
1086 3198 1115 3247 iu
1133 3197 1213 3249 fidem
1231 3200 1356 3263 recepto-

99 3289 101 3292 ·
212 3279 303 3345 rum).’
326 3279 459 3346 Supplevit
475 3280 621 3335 Huectkt'us
639 3284 671 3333 de
688 3285 744 3333 iure
762 3286 825 3334 nexi
838 3300 868 3349 p.
886 3286 938 3336 255
956 3291 982 3334 et
999 3284 1111 3347 Iro-leur.
1129 3285 1248 3333 uutelurt.
1265 3300 1294 3348 p.
1313 3287 1354 3333 26.

211 3362 252 3415 ld.
270 3382 297 3429 p.
310 3366 360 3416 ele
372 3366 410 3419 Μ.
428 3365 558 3417 ‘Serretes
576 3366 646 3417 dicti
662 3372 741 3427 suut,
760 3368 806 3433 qni
823 3382 907 3433 cupre
928 3368 1058 3432 infraque
1077 3367 1190 3417 Remum
1209 3366 1354 3418 bubiteue·

211 3454 288 3512 ruut3
317 3449 388 3515 quod
409 3464 509 3501 nomeu
533 3450 577 3501 hie
604 3453 670 3514 luit,
699 3452 765 3517 quie
787 3467 848 3501 cum
870 3452 1040 3503 deiecissent
1068 3468 1086 3501 n
1108 3450 1251 3510 Romanis,
1275 3452 1355 3501 breui

212 3537 274 3597 post
291 3534 432 3585 redieruut
450 3536 477 3584 iu
496 3535 648 3585 amicitiem
667 3535 746 3600 quusi
764 3540 866 3586 cenete
884 3539 983 3587 mente.
1009 3536 1108 3600 Itaque
1126 3536 1155 3585 in
1173 3530 1226 3585 xll
1244 3540 1354 3585 centum

212 3622 255 3667 est
272 3622 304 3668 ut
320 3618 393 3670 idem
415 3618 484 3669 iuris
506 3626 581 3671 esset
598 3620 749 3695 Sanatibus
767 3620 840 3685 quod
857 3620 1018 3685 Forctibus,
1041 3620 1132 3671 idest
1155 3620 1234 3671 bonis
1257 3625 1286 3670 et
1308 3622 1354 3685 qui

210 3714 357 3767 uumquem
375 3704 540 3755 deiecerunt
556 3720 574 3755 n
585 3705 616 3759 P.
629 3704 674 3755 Β)
703 3704 807 3755 Paulus
825 3721 851 3770 p.
864 3705 897 3755 84
909 3704 947 3760 ll.
965 3706 1092 3757 ‘Forctes
1105 3702 1261 3772 (Forctuei)
1280 3705 1354 3771 frugi

211 3790 240 3835 et
262 3787 350 3839 bouus
373 3790 433 3839 siue
455 3789 587 3841 validus!
621 3790 663 3844 Id.
680 3807 707 3856 p.
728 3790 831 3842 10111.
849 3790 1000 3841 ‘Horetum
1024 3795 1053 3841 ct
1070 3792 1189 3841 loretum
1212 3806 1260 3857 pro
1282 3792 1353 3841 bono

211 3868 361 3925 dicebeut’
386 3872 493 3925 Gellius
510 3875 543 3926 N.
561 3876 594 3925 A.
612 3874 677 3927 XVI
695 3877 735 3938 10,
754 3876 779 3927 8.
799 3875 842 3940 (Τ.
860 3876 875 3927 1
894 3878 948 3937 10.)

211 4041 412 4053 b.—

295 4182 324 4239 5.
347 4182 493 4240 Huscblu'i
504 4186 704 4257 supplemento
717 4184 796 4257 dedi,
812 4187 869 4241 nisi
881 4186 959 4257 quod
971 4188 1129 4261 sanatisque
1143 4188 1248 4259 scripsi
1260 4184 1351 4242 Muel-

211 4264 302 4322 lerum
317 4274 447 4340 eecutus,
464 4270 515 4340 qui
523 4275 591 4341 post
607 4270 785 4343 Scaliperum
799 4272 891 4326 locum
911 4273 950 4325 ita
971 4273 1108 4342 refinxit:
1127 4272 1193 4329 Neri
1213 4271 1352 4345 solutique

212 4364 243 4405 ec
257 4350 322 4409 lorti
338 4356 495 4428 sanatisque
509 4354 581 4411 idem
595 4356 638 4411 ius
654 4362 722 4411 esto.
753 4352 834 4430 [Nero
855 4355 1002 4429 solutoque
1023 4355 1088 4413 lorti
1104 4358 1247 4431 senatique
1263 4354 1350 4435 Scol.)

212 4430 391 4493 Husclkium
403 4440 493 4509 poulo
508 4443 623 4495 inverso
637 4440 736 4496 ordine
750 4441 881 4511 sequitur
904 4438 1049 4496 Brunsius
1070 4440 1176 4497 Fontes
1194 4444 1249 4497 iur.
1267 4440 1350 4499 Rom.

212 4526 270 4576 ant.
282 4538 311 4590 p.
329 4528 348 4577 5
354 4544 364 4576 .·
378 4522 443 4579 Neri
459 4524 630 4597 mencipique
645 4525 688 4580 ius
703 4523 770 4580 lorti
790 4524 933 4599 senatique
948 4542 1031 4599 cupre
1052 4524 1176 4599 inlrtquc
1192 4524 1302 4583 Romaiu
1324 4528 1351 4585 id

213 4611 271 4660 esto
287 4606 361 4681 quod
375 4608 479 4682 populo
494 4608 624 4665 llomeuo.
