3409 5409
357 521 416 586 132
828 540 966 588 rinvel
990 542 1020 586 v.

907 694 937 756 9.

437 792 519 860 cod.
542 795 572 875 3,
595 794 648 875 36,
671 796 701 859 6.
726 796 809 880 Imp.
826 795 1015 859 Gordianus
1039 796 1080 861 A.
1098 794 1278 882 Pomponio
1294 795 1401 861 militi.
1436 796 1503 860 ‘Ea

353 897 493 983 quaein
514 895 701 961 nominibus
724 906 800 961 sunt
820 918 889 961 non
910 897 1073 983 recipiunt
1095 897 1307 980 diuisionem,
1330 919 1403 962 cum
1426 898 1501 983 ipso

353 998 424 1062 inre
445 998 479 1061 in
500 998 666 1083 portiones
693 997 909 1063 hereditariae
939 1020 981 1063 cx
1008 998 1081 1083 lege
1111 997 1284 1064 duodecim
1312 998 1502 1066 tabularum

354 1099 464 1164 diuisa
485 1105 588 1163 sunt’

888 1202 964 1266 ³⁸10.

440 1302 544 1369 Gaius
573 1300 685 1367 LVII
712 1276 756 1366 ad
783 1302 834 1367 ed.
863 1326 957 1391 prou.
990 1303 1068 1387 Dig.
1094 1254 1192 1385 16st
1216 1302 1389 1388 (Familiae
1420 1304 1501 1369 erci-

354 1405 531 1491 scundae),
558 1405 574 1467 1
598 1425 648 1490 pr.
693 1403 803 1469 ‘Haec
825 1404 910 1469 aetio
933 1402 1154 1493 proficiscitur
1181 1426 1199 1469 e
1226 1403 1298 1490 lege
1326 1404 1501 1470 duodecim

353 1619 475 1676 tronum,
499 1613 524 1663 si
545 1612 696 1661 Intestatus
718 1616 838 1661 mortuns
864 1614 938 1662 esset
960 1610 1077 1661 libertus
1093 1610 1176 1661 -nnllo
1194 1626 1243 1661 sno
1267 1609 1371 1661 herede
1389 1610 1501 1663 relicto’

356 1716 381 1749 e.
394 1714 422 1763 q.
434 1714 457 1749 s.
477 1698 514 1751 cf.
526 1698 569 1748 46.
581 1699 623 1749 49.
636 1699 676 1747 51.
706 1696 775 1747 Inst.
789 1696 857 1746 Inst.
872 1698 894 1755 1,
909 1698 940 1747 17
953 1694 1052 1759 (Gaius
1064 1698 1132 1749 Inst.
1145 1696 1159 1745 Ι
1171 1696 1230 1758 163)
1248 1695 1302 1745 ‘Ex
1321 1694 1418 1746 eadem
1436 1696 1501 1762 lege

355 1784 411 1833 XII
428 1782 586 1834 tabularum
603 1781 765 1832 libertorum
784 1785 813 1831 et
828 1780 993 1832 libertatum
1015 1780 1106 1831 tutela
1130 1780 1165 1831 ad
1188 1784 1319 1846 patrones
1340 1780 1501 1845 liberosque

355 1883 448 1917 eorum
465 1868 600 1932 pertinet,
625 1880 696 1930 quae
720 1870 749 1915 et
766 1866 829 1932 ipsa
851 1866 979 1931 legitima
997 1865 1085 1917 tutela
1102 1868 1218 1916 uocatur
1236 1900 1351 1918 .....
1371 1880 1404 1915 eo
1426 1868 1500 1916 enim

352 1954 413 2018 ipso
432 1949 503 2016 quod
513 1950 685 2001 hereditates
697 1949 857 2001 libertorum
876 1949 1103 2015 libertorumque,
1123 1950 1148 1999 si
1160 1950 1288 2000 intestati
1301 1948 1500 2010 decessissent,

353 2038 475 2087 iusserat
491 2034 538 2085 lex
556 2032 592 2085 ad
608 2037 741 2099 patronos
759 2032 898 2084 liberosue
917 2049 1010 2085 eorum
1028 2032 1179 2100 pertinere,
1201 2033 1378 2101 crediderunt
1389 2040 1500 2086 ueteres

353 2121 474 2173 uoluisse
492 2119 583 2185 legem
601 2119 686 2169 etiam
698 2118 802 2169 tutelas
821 2118 856 2169 ad
875 2135 922 2170 eos
941 2120 1092 2185 pertinere’
1111 2134 1135 2172 e.
1149 2134 1174 2183 q.
1188 2134 1210 2169 e.
1229 2118 1367 2183 leianns
1380 2120 1446 2185 Dig.
1458 2121 1500 2179 26,

261 2222 263 2225 ’
352 2209 378 2270 4,
398 2209 414 2258 3
432 2221 473 2271 pr.
490 2206 506 2265 §
524 2202 549 2256 1.
584 2202 753 2270 Theophilus
772 2203 836 2255 Par.
856 2202 875 2253 l.
893 2202 911 2251 l.
929 2204 1021 2253 ταῦτα
1043 2202 1107 2267 περὶ
1131 2201 1268 2267 εὐγενῶν·
1292 2200 1384 2253 ἐλθὼν
1408 2202 1439 2254 δὲ
1461 2200 1500 2255 cic

353 2288 423 2341 τοδε
440 2285 647 2352 ἀπελευθέρου(
665 2286 747 2341 εἶπεν
761 2286 812 2351 (sc.
825 2287 842 2338 ὁ
855 2286 1109 2352 ennoematice)-
1128 2286 1178 2339 ἐὰν
1196 2286 1389 2351 ἀπελεύθερος
1401 2286 1419 2352 ἠ
1433 2286 1500 2339 ἀπε-

355 2372 474 2438 λευθέρα
491 2371 606 2424 ἅπαιδεε
624 2372 671 2423 καί
687 2371 830 2423 ἀδιάθετοι
846 2369 1065 2436 τελευτήεωειν,
1089 2372 1144 2435 τὴν
1166 2370 1283 2423 τούτων
1307 2370 1500 2437 κληρονομίαν

354 2458 382 2511 οἱ
400 2457 564 2522 πάτρωνας,
583 2456 673 2521 ἤγουν
692 2454 720 2508 oi
736 2456 835 2509 παῖδεε
852 2458 913 2507 τῶν
932 2454 1095 2520 πατρώνων
1112 2454 1295 2519 διαδέχονται.
1318 2458 1432 2523 Fragm.
1446 2458 1499 2509 Va·

354 2546 450 2595 ticana
463 2545 479 2606 ἕ
490 2544 541 2594 308
559 2545 600 2593 ‘et
611 2543 684 2593 sicut
696 2543 725 2592 in
736 2542 790 2591 XII
803 2540 907 2591 tabulis
920 2542 1030 2607 patroni
1043 2540 1232 2607 appellatione
1252 2540 1336 2591 etiam
1355 2541 1438 2592 liberi
1451 2558 1498 2607 pa·
1562 2555 1567 2570 ·

352 2630 427 2679 troni
445 2628 636 2686 conducatur,
655 2628 696 2677 ita
714 2631 743 2677 et
760 2628 790 2677 in
807 2626 860 2676 hac
879 2625 962 2691 lege)
998 2626 1034 2679 cf.
1052 2625 1189 2690 leianus
1209 2626 1242 2678 fr.
1255 2627 1295 2677 XI
1313 2630 1339 2680 3.
1362 2628 1455 2679 XXIX
1473 2630 1497 2680 6.

353 2715 418 2779 Dig.
438 2716 479 2775 26,
497 2714 523 2776 4,
543 2714 567 2762 1.
585 2713 602 2762 5
619 2727 660 2776 pr.
679 2713 721 2773 37,
741 2712 781 2771 14,
801 2713 842 2765 11.
862 2712 893 2761 ll
911 2726 952 2776 pr.
1139 2762 1141 2769 ,

420 2800 446 2849 9.
464 2796 568 2847 Paulus
580 2796 599 2847 l.
612 2794 708 2845 XXIII
726 2794 761 2844 ad
774 2794 824 2845 Ed.
848 2796 913 2859 Dig.
929 2797 969 2855 10,
988 2796 1012 2853 2,
1031 2798 1064 2847 25
1082 2796 1125 2857 §9
1144 2795 1198 2845 ‘An
1216 2811 1250 2846 ea
1268 2795 1424 2861 stipulatio,
1443 2813 1498 2863 qus

352 2882 457 2949 siugnli
474 2880 592 2933 heredes
609 2880 639 2928 in
656 2878 773 2930 solidum
790 2879 897 2929 habent
914 2876 1049 2931 actionem
1067 2881 1164 2931 ueniat
1181 2881 1211 2929 in
1229 2880 1281 2931 hoc
1298 2881 1432 2931 iudicium
1449 2882 1497 2932 du·

275 3006 277 3010 .
352 2968 484 3019 bitatur.
506 3008 513 3021 .
533 3006 539 3019 .
559 3004 565 3017 .
584 2964 735 3029 quietalis
753 2963 898 3029 stipulatio
917 2979 966 3029 per
984 2964 1074 3031 legem
1096 2964 1151 3015 XII
1168 2964 1326 3017 tabularum
1349 2982 1405 3017 non
1428 2966 1496 3017 diui-

353 3054 441 3115 ditur,
461 3052 527 3116 quia
544 3065 596 3102 nec
614 3053 716 3115 potest.
751 3050 766 3109 ἓ
786 3051 818 3100 13
835 3047 912 3099 Idem
929 3050 998 3099 iuris
1018 3050 1107 3099 estin
1125 3050 1246 3114 pecunia
1264 3052 1400 3115 promissa
1422 3068 1440 3102 a
1457 3056 1498 3103 te·

353 3142 474 3200 statere,
494 3136 519 3186 si
537 3136 587 3185 sub
606 3150 697 3200 poena
714 3134 850 3199 promissa
869 3134 918 3183 sit:
936 3148 1000 3185 nam
1018 3133 1087 3185 licet
1103 3134 1174 3184 haec
1196 3134 1332 3200 obligatio
1356 3136 1497 3187 diuidatnr

353 3237 403 3287 per
419 3220 511 3287 legem
528 3220 583 3271 XII
600 3217 773 3280 tabularum,
792 3221 900 3284 tamen,
918 3218 984 3283 quia
1002 3218 1120 3268 nihilum
1136 3218 1250 3284 prodest
1263 3218 1296 3268 ad
1309 3234 1428 3285 poenam
1441 3222 1495 3272 eui·

354 3306 466 3357 tandem
485 3309 593 3371 partam
612 3318 689 3355 suam
708 3302 828 3366 soluere,
848 3303 907 3353 siue
924 3302 1044 3353 nondum
1056 3302 1148 3353 soluta
1162 3308 1204 3353 est
1215 3306 1347 3369 pecunia,
1368 3321 1420 3357 nec
1438 3306 1497 3359 dies

351 3392 439 3454 uenit,
458 3388 682 3457 prospiciendum
695 3392 739 3439 est
750 3403 800 3454 per
818 3388 976 3439 cautionem
989 3420 1128 3440 ......
1147 3388 1207 3438 siue
1227 3388 1311 3438 etiam
1330 3388 1414 3439 soluit
1426 3406 1497 3441 unire

351 3478 509 3528 uniuersam
526 3474 686 3542 pecuniam,
706 3489 785 3539 qnam
804 3472 950 3523 defunctus
968 3472 1092 3537 promisit
1110 3488 1144 3523 ne
1163 3487 1254 3538 poena
1271 3475 1498 3541 committeretur,

352 3562 477 3613 familiae
497 3558 676 3611 erciscundae
693 3556 797 3609 iudicio
810 3574 827 3607 a
840 3556 1023 3608 coheredibus
1034 3562 1128 3623 partes
1141 3558 1265 3622 recipere
1277 3559 1402 3622 poterit.’
1426 3558 1458 3614 O.
1471 3562 1496 3624 2,

352 3651 378 3709 3,
396 3648 429 3696 23
447 3645 575 3695 ‘Paetum
597 3658 786 3695 successorum
812 3642 946 3693 debitoris
970 3658 1003 3693 ex
1025 3641 1089 3707 lege
1108 3640 1253 3692 duodecim
1271 3642 1428 3695 tabularum
1448 3660 1496 3697 aes

352 3730 474 3781 alienum
492 3729 690 3780 hereditarium
707 3744 756 3794 pro
774 3726 946 3794 portIonibns
967 3726 1102 3792 quaesitis
1121 3726 1238 3793 singulis
1262 3728 1323 3793 ipso
1346 3728 1407 3779 iure
1425 3730 1495 3780 diui-

353 3831 412 3867 sum
430 3814 594 3865 insolidum
611 3830 695 3864 unum
713 3813 838 3879 obligare
858 3812 989 3863 creditori
1001 3826 1055 3860 non
1067 3815 1179 3876 potest.'
1215 3812 1285 3875 c.4,
1299 3813 1339 3877 16,
1353 3814 1368 3863 'l
1387 3810 1495 3865 ‘Credi-

351 3906 427 3951 tores
445 3898 628 3950 hereditarios
647 3899 779 3949 aduersus
797 3897 950 3963 legatarIos
968 3911 1023 3946 non
1041 3894 1144 3947 hebere
1163 3896 1337 3961 personalem
1357 3898 1496 3950 actionem

354 3986 498 4048 conuenit,
524 3984 626 4050 quippe
650 4000 711 4034 cum
734 3982 941 4034 euidentissime
964 3980 1009 4031 lex
1032 3980 1175 4031 duodecim
1199 3980 1357 4033 tabularum
1379 3983 1496 4035 heredes

352 4071 416 4120 huic
428 4072 469 4120 rei
482 4070 571 4119 faeiat
584 4069 737 4119 obnoxios!
762 4066 792 4116 0.
806 4068 831 4117 8.
844 4068 876 4116 32
891 4062 956 4132 [31]‚
971 4068 984 4116 1
998 4065 1154 4117 ‘Manifesti
1168 4072 1197 4117 et
1208 4066 1359 4117 indubitati
1372 4068 1441 4119 iuris
1455 4072 1498 4120 est

351 4156 484 4207 defuneto
503 4154 640 4207 creditore
658 4152 753 4202 multis
771 4150 877 4201 relictis
895 4148 1043 4201 heredibus
1067 4152 1205 4202 actionem
1228 4150 1340 4215 quidem
1362 4168 1497 4219 persona·

352 4240 405 4293 iem
424 4244 497 4293 inter
516 4256 564 4292 eos
584 4239 692 4303 exlege
705 4236 849 4289 duodecim
862 4234 1019 4286 tabularum
1032 4235 1133 4298 diuidi,
1147 4222 1247 4301 pignus
1259 4251 1325 4287 uero
1338 4237 1365 4286 in
1378 4236 1496 4288 solidum

351 4328 500 4392 unicuique
513 4325 621 4376 teneri)
657 4323 688 4372 C.
701 4325 727 4386 8,
739 4323 772 4372 33
786 4315 854 4388 [33],
869 4321 882 4369 1
900 4320 1059 4370 ‘Debitores
1077 4322 1186 4385 quidem
1205 4320 1368 4372 hereditarii
1389 4322 1496 4373 unicui·

352 4427 405 4477 que
422 4410 554 4463 horedum
572 4424 620 4473 pro
639 4408 765 4472 portione
783 4404 952 4456 hereditaria
971 4407 1086 4470 antiqua
1105 4404 1167 4472 lege
1185 4406 1304 4472 obligati
1322 4410 1406 4461 eunt!

420 4498 461 4550 10.
480 4490 726 4545 ef.PaulusE1c.
746 4506 780 4540 ex
797 4490 881 4540 Festo
899 4506 925 4555 p.
938 4492 971 4539 82
985 4490 1021 4541 M.
1040 4491 1166 4541 ‘Eretum
1185 4489 1347 4558 citum[qua]
1369 4492 1400 4543 fit
1423 4495 1496 4544 inter

353 4585 509 4643 consortes,
528 4582 559 4627 ut
576 4580 605 4627 iu
623 4576 702 4625 libris
720 4576 811 4641 legum
830 4576 1013 4625 Romanorum
1032 4576 1141 4641 legitur,
1170 4582 1275 4627 erctum
1301 4594 1316 4627 u
1340 4578 1494 4629 coercendo
