3409 5409
358 514 398 577 le
764 529 877 579 cnrvr
899 528 1078 589 ovsarvu.

356 684 524 750 excusatio
547 693 664 771 sponte
685 691 877 770 comparata
897 690 948 747 est
969 681 1110 748 velutin
1130 682 1304 768 oppositis:
1327 688 1373 747 ‘si
1387 696 1506 763 paler

353 794 449 864 (ilium
464 796 508 850 ier
529 806 632 849 uenum
654 791 731 862 cliiii,
751 788 864 862 silius
884 806 905 848 a
919 799 1012 865 patre
1026 790 1102 849 liber
1115 792 1191 850 eslo’
1210 783 1274 869 (IV
1287 784 1339 869 2),
1361 787 1504 873 pariter·

355 912 418 977 que
439 894 633 953 ‘mulieres
651 908 746 965 penus
761 908 798 951 ne
812 892 957 951 radunto’
974 886 1024 967 (Χ
1038 887 1090 972 4),
1108 892 1155 950 ‘si
1166 906 1307 951 coronam
1317 894 1406 967 parii
1418 894 1505 969 ipse

353 998 561 1071 pecuniave
574 996 648 1053 eiia’
666 988 715 1075 (X
731 990 777 1075 7),
794 992 834 1053 ‘si
846 1010 978 1053 servus
989 992 1110 1064 furtum
1122 993 1210 1065 suxit
1223 989 1309 1069 (XII
1323 990 1372 1076 3),
1388 996 1434 1054 ‘ni
1447 998 1504 1055 iu-

356 1098 489 1157 dicatum
501 1096 582 1169 facil
596 1102 649 1155 aul
663 1098 744 1171 quis
757 1095 834 1155 endo
847 1110 887 1155 eo
901 1096 933 1154 in
948 1096 1014 1154 iure
1028 1095 1162 1155 uindicit'
1179 1090 1249 1177 (III
1263 1091 1311 1178 3),
1328 1100 1403 1157 ‘eni
1414 1099 1503 1157 lesa·-

355 1200 484 1259 monium
499 1198 644 1271 defuerit,
661 1200 691 1257 ia
705 1200 798 1258 tertiis
813 1197 917 1258 diebus
929 1197 1374 1273 olpertumobonpnlutumito’
1387 1194 1499 1279 (113).

356 1298 480 1362 Contra
505 1295 750 1361 excusationem
776 1318 841 1361 non
867 1296 1004 1361 haberet
1028 1296 1117 1383 quod
1142 1294 1269 1383 placuit
1292 1295 1501 1381 Goettlingio

354 1399 458 1481 (Hist.
485 1399 564 1483 reip.
593 1397 685 1463 Rom.
712 1396 835 1463 admin.
862 1420 894 1485 p.
921 1397 998 1479 323)
1025 1397 1060 1461 in
1082 1396 1193 1463 verbis
1220 1404 1331 1462 ‘tertiis
1355 1403 1503 1462 numinis

351 1508 452 1581 partis
470 1498 905 1587 secanlo’(1116)‘partes'
926 1498 1164 1565 nominativum
1185 1521 1298 1565 casum
1319 1522 1393 1565 esse
1406 1499 1502 1565 intel·

353 1602 574 1689 legendosque
599 1601 793 1667 creditores:
822 1624 895 1666 eum
917 1609 1006 1666 recte
1031 1599 1214 1688 explicetur
1239 1604 1291 1667 ‘in
1316 1612 1428 1690 partes
1449 1624 1502 1667 se·
1588 1645 1592 1649 Α

354 1710 479 1785 cant0’‚
501 1705 656 1769 nimirum
675 1704 782 1770 bona
808 1702 985 1782 debitoris,
1007 1726 1074 1769 uon
1096 1724 1225 1790 corpus.
1235 1705 1261 1791 ¹)
1298 1702 1369 1769 Nec
1390 1704 1500 1789 magis

354 1806 525 1892 Kayserus
541 1805 740 1886 audiendus,
763 1808 819 1892 qui
839 1828 898 1892 pro
922 1814 1002 1870 ‘rem
1022 1810 1075 1870 nli
1090 1814 1219 1885 pucnnl’
1244 1806 1262 1871 Ι
1282 1806 1303 1870 6
1324 1827 1399 1871 cum
1418 1805 1501 1871 Rut-

353 1908 462 1993 gersio
479 1912 550 1971 ‘rei
563 1912 615 1971 uti
625 1912 670 1986 p.’
687 1906 780 1972 malit
794 1908 914 1992 corrigi
930 1907 988 1994 (ad
1004 1906 1129 1973 Cernis.
1143 1930 1177 1995 p.
1192 1907 1282 1993 251).

438 2008 553 2095 Neque
568 2018 677 2074 tamen
692 2010 836 2095 vestigia
851 2009 971 2077 desunt
981 2010 1130 2075 extitisse
1145 2008 1321 2097 aliquando
1331 2010 1389 2097 qui
1398 2010 1500 2075 istam

353 2110 389 2174 in
402 2110 584 2197 pangendis
601 2110 710 2177 verbis
727 2112 939 2198 asperitatem
953 2110 1055 2177 lenire
1069 2110 1179 2196 aliqua
1193 2134 1236 2177 ex
1249 2121 1344 2199 parte
1358 2120 1500 2198 tempta·

353 2222 437 2277 rent.
466 2210 616 2300 Namque
630 2223 706 2300 post
721 2216 849 2279 initium
864 2213 931 2280 tale
951 2221 991 2278 ‘si
1010 2220 1042 2278 in
1055 2221 1104 2278 ius
1116 2226 1215 2287 vocnt,
1231 2221 1280 2279 ito.
1310 2220 1344 2277 ni
1356 2220 1393 2290 il,
1408 2224 1500 2278 caie-

353 2320 496 2379 slcmino:
510 2321 603 2394 initur
616 2336 661 2379 em
676 2323 783 2397 cupito.
818 2324 846 2381 si
858 2323 988 2382 calvitur
1004 2321 1258 2396 peccaverimus,
1279 2335 1401 2381 manum
1420 2320 1501 2380 endo

354 2422 471 2500 iucilo',
492 2438 609 2503 pesum
629 2417 799 2505 probabile
820 2428 871 2484 est
891 2419 927 2482 in
947 2417 1018 2503 lege
1039 2420 1131 2505 sequi
1149 2418 1297 2505 potuisse
1316 2425 1361 2482 ‘si
1379 2422 1498 2483 morbus

353 2526 615 2585 centumvirum
637 2528 722 2594 eseli,
746 2528 808 2600 qui
826 2528 863 2585 in
883 2527 941 2585 ius
960 2525 1123 2593 vocabit,
1146 2528 1306 2585 inermium
1326 2526 1414 2585 duio’
1435 2540 1499 2586 nec

355 2623 461 2709 magis
483 2622 602 2689 deinde
617 2622 686 2705 (III
701 2624 721 2688 3
736 2622 800 2709 sq.)
823 2628 873 2686 ‘ni
891 2628 1056 2687 indiculum
1073 2626 1155 2699 lucil
1170 2671 1177 2687 .
1195 2670 1203 2687 .
1220 2671 1228 2687 .
1246 2670 1254 2686 .
1274 2642 1373 2688 mcum
1389 2628 1497 2688 decim

354 2732 460 2791 vindic
475 2737 528 2791 uni
541 2744 631 2789 aava
645 2737 699 2789 nni
711 2730 900 2804 compedibus
915 2772 923 2789 .
941 2774 948 2788 .
966 2775 974 2791 .
991 2775 999 2790 .
1014 2732 1043 2789 si
1054 2732 1129 2789 vola
1141 2745 1195 2789 sao
1208 2731 1305 2790 vivilo.
1336 2732 1371 2789 ni
1382 2745 1436 2791 suo
1449 2731 1495 2789 ui·

354 2835 407 2901 cil,
430 2832 494 2907 qui
512 2847 589 2891 enm
617 2833 778 2890 vinctam
799 2832 962 2905 latebit,
983 2832 1077 2893 litias
1096 2832 1198 2906 furris
1222 2832 1299 2893 endo
1324 2833 1388 2893 dies
1412 2832 1497 2892 dnic’
1564 2822 1568 2826 Δ

354 2926 455 3012 (Gall.
470 2928 541 2993 XX
557 2932 586 3010 l,
602 2926 653 2993 25.
670 2928 726 3014 45)
745 2964 780 2975 -
797 2928 856 2995 ubi
871 2934 962 2995 ‘mm'
977 2952 1105 3018 quoque
1120 2930 1227 2995 forma
1241 2931 1371 2996 novicis
1391 2930 1497 3016 suspi-

260 3026 267 3037 ’
354 3032 477 3101 tionem
498 3040 609 3095 movet
632 3053 687 3095 -ε
710 3052 824 3095 verum
845 3032 928 3097 tales
949 3032 1187 3118 explicationes
1210 3043 1327 3119 postea
1348 3032 1498 3099 adiectae

354 3142 431 3198 sunt
446 3130 565 3219 quibus
586 3132 814 3219 perspicuitati
837 3135 1073 3201 consuleretur.
1103 3134 1178 3201 Non
1198 3134 1288 3200 aliud
1308 3133 1374 3201 fuit
1392 3136 1499 3201 consi·

298 3270 304 3283 ·
353 3233 434 3299 lium
456 3233 597 3300 auctoris
619 3233 663 3298 ad
683 3234 827 3299 Herenn.
843 3237 861 3301 Ι
878 3238 932 3319 13,
948 3237 989 3301 23
1012 3238 1058 3322 (V
1073 3238 1110 3319 3,
1126 3239 1161 3323 4)
1184 3242 1500 3324 ‘Paterfamilias

354 3342 398 3401 nli
410 3340 568 3416 lenoverit’
585 3346 618 3401 et
633 3342 679 3401 ‘si
689 3341 980 3416 paterfamilias
994 3346 1131 3404 intestato
1144 3346 1288 3406 mortinr’
1304 3341 1345 3407 de
1360 3340 1432 3427 legs
1446 3362 1497 3406 re

353 3436 489 3503 ferentis
506 3436 566 3524 (id.
582 3436 698 3504 Cicero
721 3437 762 3503 de
782 3440 850 3504 inv.
867 3440 969 3524 1150,
990 3442 1080 3525 148);
1104 3465 1170 3528 qua
1190 3443 1287 3508 dere
1307 3466 1394 3508 nunc
1414 3443 1497 3508 satis

353 3549 482 3606 constat
501 3550 576 3627 post
597 3539 726 3607 doctam
748 3540 843 3607 Erbii
866 3542 1121 3629 disputationem
1145 3544 1193 3629 (in
1214 3544 1366 3629 Hugonis
1385 3545 1497 3609 Prom-

353 3652 460 3729 ptuar.
476 3640 538 3704 iur.
554 3640 617 3707 civ.
635 3634 684 3707 IV
699 3666 731 3729 p.
746 3644 810 3708 462
825 3648 922 3731 sqq).
948 3646 1058 3731 Atque
1073 3644 1179 3710 simile
1193 3645 1272 3733 quid
1287 3646 1497 3713 commissum

354 3744 459 3808 estin
479 3754 655 3831 praecepto
676 3742 830 3811 lacunose
850 3746 939 3834 apud
955 3746 1090 3811 Festum
1110 3746 1211 3812 citato
1231 3770 1265 3834 p.
1280 3748 1343 3814 376
1361 3748 1448 3833 (XII
1460 3750 1497 3832 4)

354 3850 393 3909 ‘si
406 3849 568 3909 vindiciam
585 3848 700 3921 fulsum
723 3854 789 3911 tulit
801 3854 863 3913 siue
876 3855 938 3913 iilis
954 3899 960 3912 .
979 3896 986 3912 .
1005 3899 1012 3914 .
1029 3898 1036 3912 .
1054 3859 1101 3912 tor
1119 3853 1249 3913 arbitros
1269 3857 1324 3914 tris
1338 3855 1422 3924 dato‘,
1439 3870 1499 3923 eo-

353 3967 420 4011 rum
435 3950 560 4012 arbitrio
577 3994 584 4010 .
602 3950 746 4025 .srnclns
765 3954 907 4029 duplione
927 3956 1069 4015 damnum
1090 3946 1245 4025 decidiio',
1266 3952 1324 4016 ubi
1342 3952 1405 4017 etsi
1424 3953 1498 4018 iure

354 4046 499 4135 suppleri
519 4048 652 4115 videtur
668 4055 835 4132 ‘praetor',
861 4052 949 4115 idem
970 4062 1081 4117 tamen
1108 4053 1231 4139 pariter
1257 4053 1300 4118 ab
1325 4053 1400 4139 ipsa
1421 4051 1497 4139 lege

353 4148 495 4215 alienum
510 4150 575 4217 luit
589 4162 688 4240 atque
703 4152 790 4239 quod
803 4152 838 4215 in
854 4153 958 4218 altera
972 4154 1089 4219 lacuna
1100 4192 1141 4201 —
1155 4154 1246 4218 euius
1260 4164 1370 4220 temen
1380 4164 1497 4222 notan-

354 4250 432 4317 dum
447 4262 498 4318 est
511 4252 636 4318 nullum
660 4254 836 4339 vestigium
856 4277 929 4321 esse
949 4257 983 4321 in
997 4257 1159 4323 Vaticano
1177 4254 1260 4321 1549
1280 4266 1313 4321 et
1333 4256 1366 4321 in
1382 4258 1497 4342 Augu-

354 4410 554 4419 ——-—-.

421 4494 441 4561 ¹)
466 4495 502 4546 cl.
526 4494 713 4560 Goettlinglus
736 4496 754 4549 l.
777 4496 795 4549 l.
820 4514 846 4563 p.
870 4500 929 4549 324.
964 4498 1125 4551 Huscbkius
1151 4500 1195 4550 De
1222 4499 1281 4551 iure
1308 4500 1373 4550 nexi
1401 4515 1428 4567 p.
1452 4502 1496 4549 90.

355 4578 545 4647 Schwsglerus
564 4580 599 4629 Η.
618 4580 651 4630 R.
670 4580 711 4633 ΙΙΙ
730 4598 756 4650 p.
775 4584 808 4633 38
826 4598 867 4651 sq.
886 4598 914 4635 n.
