3409 5409
375 496 415 565 78
782 514 895 563 oarvr
917 511 1095 575 uvnnrvu.

458 669 505 735 At
533 688 607 733 cum
633 666 674 732 sd
700 688 855 753 personas
880 667 950 732 fere
975 673 1164 732 constanter
1189 674 1225 730 et
1247 663 1471 731 condiciones
1505 676 1547 731 et

374 770 466 835 iussa
480 768 679 854 dirigantur,
695 778 765 834 tum
780 778 831 835 est
845 769 945 833 etiam
958 768 1018 834 ubi
1031 766 1076 833 ad
1095 789 1159 833 res
1178 776 1387 833 revocentur.
1421 766 1544 849 Quod

375 870 592 958 explicatione
607 894 671 937 non
693 880 767 956 eget
783 870 817 935 in
831 868 935 936 hisce:
954 877 1010 935 ‘sol
1029 890 1153 951 occonis
1166 891 1251 950 uror.
1267 879 1429 949 emporus
1450 876 1542 934 esto’

375 972 443 1055 19,
466 980 517 1037 ‘eo
531 977 594 1037 debs
610 976 755 1051 diffensus
769 977 844 1037 esto'
866 972 952 1054 112,
975 979 1117 1051 ‘triptota
1131 976 1196 1037 dr'es
1208 978 1281 1036 iusti
1292 977 1396 1037 sunto'
1412 969 1479 1035 III
1499 972 1539 1053 13

375 1074 442 1141 vel:
460 1079 499 1139 ‘si
513 1094 594 1155 aquo
605 1080 710 1154 pluvio
724 1083 818 1139 nocet‘
834 1073 904 1139 VII
918 1075 954 1153 8,
971 1079 1010 1138 ‘si
1022 1078 1142 1139 morbos
1155 1080 1304 1139 aevitasve
1318 1079 1421 1137 vitium
1433 1080 1537 1137 escit’

375 1174 392 1239 Ι
407 1176 427 1240 3
442 1176 485 1241 ef.
501 1174 586 1241 112:
604 1176 738 1241 interior
753 1176 835 1240 ratio
857 1184 907 1240 est
921 1174 1077 1257 aliorum,
1093 1186 1145 1240 ut:
1164 1180 1322 1241 ‘adoneus
1336 1179 1449 1239 Maleus
1467 1196 1536 1239 ae-

375 1290 461 1341 terno
488 1284 650 1343 auctoritas
676 1284 778 1357 (esto)’
805 1277 911 1360 1117,
937 1286 1014 1356 ‘post
1038 1282 1147 1342 deinde
1171 1298 1278 1341 manus
1302 1282 1422 1341 iniectio
1446 1286 1534 1341 eato’

375 1378 428 1445 III
442 1379 479 1461 2,
503 1384 718 1445 ‘cincinorum
740 1385 823 1459 rapu
840 1417 883 1427 —
904 1385 976 1443 tolio
994 1386 1071 1443 eslo’
1087 1378 1173 1444 VIII
1186 1380 1224 1458 2,
1246 1381 1369 1455 ‘arpino
1386 1384 1533 1457 qumque

371 1500 487 1559 poenae
506 1490 607 1545 sornlo'
629 1479 715 1546 VIII
735 1482 766 1545 4.
797 1480 946 1563 Quorum
967 1490 1127 1566 quatenus
1147 1480 1190 1545 ad
1209 1480 1347 1545 iniurias
1367 1489 1531 1567 spectant

375 1584 534 1649 rationem
555 1582 700 1649 reddidit
721 1580 915 1647 Huschkius
937 1582 1077 1649 ‘Gaius’
1100 1605 1133 1669 p.
1157 1582 1218 1647 126
1237 1582 1322 1648 bene
1342 1582 1528 1667 potestatis

375 1686 599 1772 potiusquam
619 1682 720 1749 officii
740 1686 905 1749 notionem
926 1685 1034 1749 inesse
1052 1683 1299 1770 interpretatus.
1327 1685 1380 1747 Ac
1398 1704 1526 1747 memo

375 1785 487 1851 rabilis
504 1786 602 1851 estin
616 1784 731 1850 ultimo
747 1785 835 1872 quod
849 1787 945 1873 posui
960 1784 1109 1871 exemplo
1124 1783 1262 1872 pluralis
1278 1793 1439 1870 ‘poenae'
1465 1806 1525 1849 an·

375 1887 499 1973 tiquam
519 1886 610 1952 vocis
632 1886 906 1971 significationem
928 1908 1082 1969 servans,
1108 1888 1200 1951 cuius
1227 1886 1370 1971 vestigia
1394 1884 1524 1951 delevit

375 1988 573 2075 interpolata
600 1986 700 2053 Gellii
730 1989 893 2075 scriptura
918 1992 1033 2053 ‘XXV
1055 2010 1136 2054 usses
1161 1991 1257 2074 (aeris
1281 1987 1372 2073 libri)
1402 2008 1525 2067 menae

375 2096 478 2155 suuto'
505 2088 608 2171 (XXI
629 2088 668 2153 12
693 2089 737 2155 cf.
758 2089 843 2155 XVI
866 2092 922 2173 10,
944 2091 990 2176 8).
1021 2090 1230 2178 Quamquam
1254 2089 1352 2177 paulo
1378 2089 1521 2157 liberius

376 2193 492 2257 Festus
509 2214 540 2278 p.
556 2191 616 2257 371
634 2197 892 2273 ‘Vr'pr'rrtr'qur'uque
903 2214 1019 2273 poenae
1032 2200 1064 2257 in
1078 2198 1150 2257 XII
1160 2198 1311 2271 dpmficat
1323 2197 1523 2271 ammonuis-

375 2314 432 2373 que
446 2301 548 2376 usses',
563 2294 621 2360 ubi
636 2294 751 2360 vitium
765 2294 800 2359 in
814 2294 928 2360 Ursini
944 2294 1057 2361 codice
1073 2296 1284 2361 commissum
1300 2292 1520 2375 ‘poenus'ne-

375 2418 437 2483 que
453 2394 493 2461 Ο.
500 2394 676 2461 Muellerus
692 2396 835 2464 debebat
849 2407 1014 2463 vetustam
1025 2398 1173 2481 genetivi
1186 2396 1326 2462 formam
1341 2418 1520 2483 agnoscere

374 2520 479 2585 noque
493 2496 687 2565 Huschkius
703 2497 724 2563 l.
740 2497 761 2561 l.
780 2500 838 2563 117
855 2509 982 2565 mutare
998 2501 1105 2578 poena
1120 2503 1162 2563 's''
1183 2501 1206 2564 i.
1222 2522 1249 2565 e.
1267 2509 1381 2579 ‘poena
1400 2507 1517 2571 sauo’,

375 2601 422 2665 ita
435 2599 577 2688 quidem,
593 2611 631 2665 ut
647 2600 845 2685 singularem
861 2599 963 2667 nihilo
979 2602 1086 2666 minus
1101 2610 1227 2668 statuat
1241 2624 1285 2667 ex
1299 2609 1431 2667 vetusto
1447 2599 1518 2687 plu·

375 2702 436 2769 rali
458 2702 589 2769 demum
609 2702 754 2768 affictum
776 2724 860 2767 csse.
871 2702 894 2789 ¹)
926 2703 1036 2790 Atque
1054 2726 1134 2769 usus
1157 2704 1310 2790 antiquus
1332 2704 1461 2770 Graeco
1483 2726 1517 2769 v.

374 2805 484 2872 ποιναί
498 2826 661 2890 congruus
676 2814 754 2890 apte
773 2802 957 2869 illustratur
976 2805 1097 2891 glossis
1113 2805 1210 2883 Pauli
1230 2828 1274 2870 ex
1288 2806 1387 2871 Festo
1406 2826 1517 2870 excer-

375 2908 440 2994 ptis
455 2929 487 2994 p.
496 2906 558 2971 208
574 2912 722 2971 ‘Pendere
732 2924 849 2986 poenas
862 2914 975 2971 solum
988 2914 1138 2987 opusnest
1150 2912 1189 2973 ab
1202 2928 1238 2973 eo
1251 2911 1333 2987 quod
1344 2928 1417 2972 uere
1427 2914 1520 2985 praui

375 3030 441 3073 cum
456 3018 610 3074 merentur
624 3012 767 3082 Romani,
778 3028 875 3089 penso
888 3030 940 3082 eo.
958 3030 1017 3074 non
1031 3022 1187 3075 utrmeruto
1207 3013 1335 3074 deditum
1349 3012 1514 3073 solvebom’

375 3121 409 3177 et
422 3134 455 3198 p.
470 3110 533 3177 243
549 3118 664 3176 Poenus
675 3114 809 3191 pendere
823 3110 869 3175 id.
898 3110 969 3197 Ipsi
984 3122 1094 3178 autem
1108 3111 1265 3179 locutioni
1281 3114 1360 3175 ‘XX
1366 3115 1391 3174 V
1401 3130 1517 3191 poenae

374 3222 470 3279 sunto’
495 3234 631 3300 prorsus
651 3212 828 3299 respondet
848 3235 890 3277 ex
910 3212 1145 3281 cousuetudine
1165 3214 1382 3301 posteriorum
1406 3212 1514 3297 legum

374 3314 513 3402 quaein
533 3313 595 3381 SC.
612 3314 652 3380 de
672 3314 932 3402 aquaeductibus
954 3326 1004 3381 est
1024 3314 1113 3403 apud
1133 3314 1329 3381 Frontinum
1348 3338 1377 3381 c.
1395 3314 1455 3379 127
1478 3321 1518 3379 ‘si

374 3425 440 3499 quis
462 3422 607 3483 aduersus
631 3438 667 3483 eo
690 3424 880 3499 commiserit,
906 3424 937 3481 in
961 3425 1097 3497 stapulas
1121 3439 1171 3483 res
1190 3421 1246 3481 HS
1258 3421 1291 3481 Χ
1304 3423 1388 3483 muta
1402 3424 1512 3482 essent'

373 3521 559 3607 pariterque
585 3548 627 3569 -’-
652 3520 714 3586 etsi
739 3520 782 3585 ab
807 3518 870 3585 hac
895 3519 1027 3586 diversa
1050 3558 1085 3567 —
1108 3540 1173 3606 qua
1191 3518 1238 3584 M.
1255 3518 1338 3585 Cato
1358 3518 1463 3585 utitur
1482 3518 1514 3583 in

374 3624 522 3689 oratione
536 3644 596 3710 pro
612 3622 854 3688 Rhodiensibus
873 3622 964 3709 apud
979 3622 1124 3688 Gellium
1139 3622 1188 3687 VI
1204 3620 1300 3708 (VII)
1314 3621 1347 3703 3,
1361 3621 1403 3686 37
1424 3624 1516 3696 ‘Ouid

374 3724 475 3789 nuuc?
501 3744 597 3803 ecqua
612 3730 733 3789 tandem
748 3731 799 3787 lex
813 3736 858 3788 est
871 3736 932 3789 lum
951 3730 1063 3789 acerba
1082 3746 1161 3803 quae
1181 3729 1265 3788 dicut
1278 3725 1337 3787 “si
1354 3729 1422 3802 quis
1440 3727 1514 3787 r'llod

370 3830 480 3905 fucere
494 3833 630 3904 widem,
644 3832 724 3892 mille
738 3833 835 3892 minus
848 3832 1005 3891 dimidium
1017 3822 1159 3903 familiae
1172 3832 1284 3891 multu
1298 3836 1391 3898 estu·
1410 3830 1439 3888 si
1450 3832 1513 3903 quir

368 3936 441 4011 plur
455 3935 617 4009 peraperta
632 3934 738 4009 iopera
753 3934 862 3995 tutem
877 3936 1013 4010 volumi,
1034 3939 1140 3995 terrra
1156 3948 1278 4009 poeno
1297 3941 1390 4002 estu·
1408 3933 1437 3991 εἰ
1449 3934 1513 4006 quis

373 4038 513 4097 maiorem
542 4052 670 4113 pecuum
702 4052 857 4097 numerum
883 4036 996 4096 tatere
1025 4038 1162 4109 educit,
1191 4042 1330 4097 rarorum
1358 4035 1512 4096 domnos

375 4208 575 4217 ------.----

442 4308 461 4372 ¹)
485 4308 692 4361 Memorandam
714 4306 787 4375 idem
805 4308 948 4375 proposuit
965 4327 992 4377 p.
1013 4311 1062 4362 123
1080 4308 1217 4377 ‘poenae’
1237 4325 1254 4359 a
1277 4308 1343 4360 πῶϋ
1366 4303 1509 4357 derivatio·

373 4408 447 4446 uom:
478 4396 511 4445 dc
535 4410 601 4447 reru
625 4410 698 4445 nune
723 4394 886 4445 consulendi
908 4396 1017 4446 Pottius
1036 4390 1151 4459 Qu‘aoat.
1178 4400 1259 4461 etym.
1283 4394 1376 4443 1217.
1403 4390 1510 4442 Curtius

372 4482 462 4545 Etym.
482 4494 522 4545 gr.
543 4479 622 4533 olem.
642 4480 655 4531 1
674 4481 732 4532 ulo.
764 4480 918 4531 Corsserurs
942 4484 969 4531 iu
988 4482 1188 4560 Symbolerit.
1207 4478 1241 4530 ad
1260 4480 1348 4531 doctr.
1367 4479 1445 4532 torm.
1463 4475 1508 4531 lat.

372 4580 399 4631 p.
419 4566 450 4617 77
469 4580 528 4630 sqq.
