3409 5409
339 468 381 533 56
764 480 877 528 curor
899 469 1066 528 ruartvrr.

341 643 464 704 ‘medo’
493 643 618 702 mutato
645 637 734 722 (cum
759 633 932 720 Madvigio
957 633 1098 699 Emend.
1128 636 1165 700 in
1189 634 1355 701 Ciceronis
1383 632 1513 701 libros

341 738 459 826 philos.
475 761 508 825 p.
524 739 564 803 81
582 760 631 823 sq.
662 738 784 823 Opusc.
801 736 930 821 11201)
951 746 1057 803 totum
1078 737 1261 803 membrum
1283 736 1513 825 transposuit

341 852 417 929 post
431 843 535 907 verba
549 839 632 925 legis
649 843 781 903 ‘homini
800 849 914 903 mortuo
933 860 971 903 ue
985 859 1052 903 essu
1066 846 1155 919 terito
1168 860 1226 919 quo
1239 849 1311 920 port
1320 843 1418 917 funus
1429 842 1508 916 sa-

341 952 436 1009 eicu':
466 964 604 1029 quorum
629 941 835 1028 aptissimam
865 939 1116 1029 explicationem
1141 942 1339 1007 contineant.
1378 942 1507 1027 Atque

342 1046 428 1111 idem
445 1042 645 1129 persuadent
661 1042 819 1110 librorum
834 1044 992 1130 vestigia:
1009 1065 1086 1109 nam
1099 1080 1143 1093 ·-
1157 1053 1387 1131 praeterquam
1401 1044 1506 1130 quod

342 1149 409 1213 iam
435 1143 663 1233 supplemento
688 1146 777 1211 omni
802 1166 913 1211 carere
938 1145 1015 1211 licet
1039 1182 1074 1193 -
1099 1150 1152 1209 ‘iu
1176 1152 1318 1225 quoque’,
1345 1167 1405 1231 pro
1425 1167 1503 1232 quo

343 1249 590 1315 Schoemanuus
618 1245 724 1313 voluit
755 1252 888 1327 ‘idque',
914 1248 950 1311 in
973 1247 1193 1314 Leidensibus
1225 1248 1268 1313 ab
1299 1245 1405 1313 altera
1436 1246 1502 1312 de-

344 1373 434 1416 mum
459 1370 558 1414 manu
584 1358 652 1431 est,
687 1372 761 1415 cum
787 1352 878 1437 prior
908 1350 945 1414 in
971 1351 1002 1416 A
1028 1350 1310 1437 praestantissimo
1336 1350 1502 1417 exhibeat

344 1459 390 1519 ‘r‘d
404 1456 510 1533 quod’,
531 1452 566 1515 in
581 1450 609 1515 B
632 1460 665 1517 ct
679 1451 713 1517 H
728 1454 781 1517 ‘r'd
798 1456 971 1533 quodque';
991 1461 1029 1517 ut
1049 1452 1113 1518 hoc
1127 1462 1260 1520 serrato
1275 1452 1324 1517 ita
1338 1453 1429 1518 locus
1444 1473 1503 1517 re·

345 1556 517 1641 lingendus
530 1554 588 1619 sit:
606 1557 724 1619 ‘Cetera
739 1561 807 1621 irem
818 1558 964 1631 funebria
979 1559 1085 1633 quius
1098 1561 1195 1619 laeua
1208 1568 1337 1635 cupetur
1343 1558 1414 1619 XII
1421 1576 1501 1619 ars-

345 1666 492 1723 tulerunt:
508 1660 682 1720 “Homini’'
698 1662 809 1737 iuquit,
826 1661 972 1722 “mortuo
985 1678 1024 1723 ue
1037 1678 1105 1722 oasa
1118 1662 1222 1736 terito,
1243 1678 1301 1737 quo
1312 1669 1381 1737 pou
1396 1660 1501 1734 [uuus
1549 1648 1553 1654 ’

344 1765 487 1837 faciut’';
503 1762 609 1839 crede,
626 1762 707 1837 quod
725 1770 793 1823 erut
810 1762 1000 1842 factitatum,
1016 1770 1049 1823 ut
1062 1766 1117 1824 uru'
1129 1766 1225 1840 plura
1241 1766 1351 1837 fierent
1369 1765 1501 1838 lectique

346 1870 451 1942 plures
466 1870 670 1925 sternerentur
675 1885 686 1934 ,·
702 1864 736 1923 r'd
748 1866 829 1939 quod
842 1882 880 1925 ue
890 1868 984 1940 fieret,
999 1868 1065 1941 leae
1075 1875 1212 1927 sanetum
1221 1871 1274 1927 est
1296 1864 1420 1942 Excepit
1429 1866 1500 1926 bel-

344 1972 434 2029 licum
448 1968 700 2043 perrariuumque
712 1969 908 2027 mortem’-
919 1966 966 2030 At
980 1986 1056 2029 cum
1070 1964 1161 2029 idem
1170 1962 1413 2031 Schoemannus
1428 1962 1500 2049 legi

346 2090 386 2133 nc
407 2065 487 2153 quid
507 2065 669 2150 eripuisse
688 2064 876 2148 rideretur,
903 2087 1025 2132 novum
1043 2066 1267 2151 fragmentum
1286 2066 1433 2133 reddidit
1451 2088 1499 2132 ex

347 2193 376 2234 c.
391 2168 434 2233 25
453 2172 474 2250 5
494 2168 535 2233 62
557 2170 695 2232 ‘Nostrae
715 2172 832 2247 quidem
854 2175 928 2247 lepis
953 2175 1129 2249 interpretes
1153 2190 1210 2248 quo
1234 2176 1334 2249 eapite
1358 2174 1499 2234 iuberetur

346 2284 512 2351 sumptus
526 2276 713 2336 errrorem
728 2290 952 2337 removeren
966 2277 1127 2339 Deorum
1142 2276 1307 2337 Maurum
1327 2278 1424 2352 iure,
1440 2274 1499 2335 too

348 2380 520 2451 intererunt
539 2380 571 2438 iu
586 2379 698 2452 primis
716 2380 922 2455 sepulcrorum
936 2381 1188 2455 magnificentiam
1207 2395 1270 2439 esse
1283 2377 1495 2439 minuendum’

347 2516 389 2528 -
404 2498 489 2564 quae
505 2475 587 2541 dicit
601 2476 672 2540 fere
688 2476 810 2541 eisdem
826 2478 936 2545 verbis
952 2478 1136 2564 perscripta
1149 2476 1373 2561 singularibus
1385 2474 1430 2539 de
1442 2475 1497 2540 iu·

347 2601 424 2645 nere
450 2578 635 2665 praeceptis
660 2578 842 2665 praemissa
862 2578 979 2644 fuisse:
1006 2578 1047 2645 de
1067 2602 1106 2646 eo
1126 2600 1261 2666 prorsus
1282 2600 1356 2643 enm
1376 2574 1497 2642 fefellit

348 2682 469 2769 opinio.
493 2682 534 2747 In
549 2678 643 2747 libris
660 2681 746 2745 enim
761 2691 812 2747 est
825 2686 1032 2760 ‘inerepare
1042 2681 1132 2768 quod
1146 2681 1242 2746 unice
1256 2678 1390 2767 probari
1402 2676 1496 2743 Mad-

349 2784 458 2871 vigius
473 2780 639 2848 intellexit
655 2782 776 2869 Opusc.
793 2783 829 2848 II
846 2784 918 2851 159.
947 2783 1112 2848 Nimirum
1128 2790 1258 2848 ‘nostra
1277 2781 1348 2847 lex’
1365 2802 1430 2847 non
1445 2790 1497 2845 est

350 2886 421 2951 XII
442 2882 648 2967 tabularum,
674 2887 732 2950 sed
758 2886 861 2973 ipsius
883 2885 1051 2952 Ciceronis
1076 2907 1175 2974 quarn
1201 2883 1373 2973 proposuit
1396 2883 1433 2965 9,
1452 2881 1496 2946 22

351 2993 497 3053 ‘Deorum
515 2990 649 3052 Maurum
670 2992 860 3053 inrestincta
878 2998 973 3053 amre.
1001 3008 1049 3053 sos
1066 2995 1124 3054 leto
1145 2992 1231 3053 datos
1252 2991 1335 3051 diuos
1354 2990 1494 3051 habmus

350 3102 498 3171 sumptum
513 3096 544 3155 r'u
560 3096 633 3155 ellos
645 3096 799 3169 luctusque
813 3096 988 3155 miuuuuto?

436 3190 561 3258 Contra
585 3192 619 3258 in
645 3192 693 3257 cis
717 3214 801 3280 quae
821 3192 1021 3258 antecedunt
1041 3191 1083 3258 23
1104 3192 1185 3275 §59
1205 3197 1385 3257 ‘extenuato
1405 3195 1494 3270 r'ar'tur

350 3304 469 3375 sumptu
488 3298 582 3360 urus
600 3301 722 3360 reeiru'r's
740 3308 770 3361 et
788 3302 891 3361 uincla
906 3296 952 3383 (i)
972 3315 1132 3375 purpurae
1155 3306 1185 3360 et
1205 3300 1306 3361 decem
1332 3296 1494 3359 ueteribus

352 3404 427 3463 tollit
438 3404 529 3463 etium
540 3404 789 3463 lumeututr'ouem’
801 3397 1039 3485 iniquiusputo
1046 3396 1216 3463 Halmium
1228 3405 1386 3484 corrupta
1394 3396 1493 3462 verba

352 3504 463 3565 ‘tribus
476 3540 519 3551 —
533 3505 716 3567 tibr'eiur'bus’
731 3508 768 3566 ut
782 3510 877 3568 vetus
898 3502 1065 3585 glossema
1085 3500 1182 3588 plane
1196 3523 1217 3565 a
1232 3500 1389 3566 Cicerone
1404 3498 1491 3565 abiu-

353 3604 493 3669 dicasse.
517 3602 614 3670 Talia
629 3605 714 3669 enim
730 3602 920 3690 interpolari
935 3625 1000 3669 non
1015 3600 1132 3684 solent,
1148 3612 1182 3667 et
1196 3604 1329 3669 omnino
1345 3614 1492 3691 corrupte

352 3704 532 3793 proclivius
558 3716 609 3772 est
636 3708 754 3772 eiicere
781 3726 879 3792 quam
903 3704 1088 3771 emendare.
1122 3704 1163 3769 In
1189 3703 1261 3770 XII
1284 3715 1396 3771 autem
1419 3706 1493 3793 quin

353 3830 470 3895 reapse
491 3806 532 3873 de
553 3808 603 3873 bis
624 3818 757 3875 cautum
778 3807 897 3888 fucrit,
924 3804 1061 3874 dubium
1080 3829 1146 3873 non
1167 3818 1282 3873 estex
1302 3830 1330 3873 c.
1352 3808 1395 3874 25
1414 3812 1435 3891 ξ
1453 3808 1492 3873 64

353 3915 442 3975 ‘uem
458 3914 603 3975 detritus
622 3916 744 3976 recinir's
764 3920 793 3975 et
807 3916 957 3990 pleraque
970 3915 1025 3974 illa
1039 3912 1154 3974 &loru
1168 3915 1252 3975 suut’
1268 3918 1333 3975 etc.
1348 3918 1382 3975 et
1395 3910 1490 3976 Festo

353 4036 385 4100 p.
394 4013 458 4079 274
466 4036 536 4101 sqq.
550 4017 719 4079 ‘Rectorem
730 4031 815 4077 omae
827 4015 1219 4092 vestimentumquodratum
1233 4019 1262 4077 r‘r'
1275 4016 1429 4092 qur‘XII
1439 4019 1490 4077 r‘u-

354 4122 565 4197 terpretoir'
577 4127 661 4179 suut
673 4134 736 4179 esse
750 4114 897 4179 arulam
909 4119 955 4178 uir
969 4126 1039 4194 loqu
1052 4115 1198 4207 (Verrius
1209 4126 1306 4194 iopam
1321 4136 1381 4195 qua
1391 4113 1490 4201 Lips.)

354 4224 493 4283 mulieres
509 4222 666 4283 ruebantur
681 4225 924 4296 praetextum
944 4224 1053 4282 clueo
1070 4223 1285 4299 purpureo?
1318 4218 1371 4283 De
1386 4215 1491 4282 decen

269 4324 274 4335 '
355 4318 545 4385 tibicinibus
572 4321 615 4385 cf.
643 4318 785 4385 Ovidius
810 4320 903 4385 Fast.
923 4318 975 4385 VI
993 4320 1066 4387 657.
1095 4318 1166 4385 Nec
1191 4320 1390 4385 sententiam
1415 4316 1490 4403 legis

355 4432 442 4487 recto
458 4424 545 4511 cepit
558 4422 728 4505 Halmius,
744 4444 818 4487 cum
832 4420 959 4489 diceret
973 4431 1144 4488 ‘exeruere
1163 4432 1282 4501 sumptu
1301 4425 1395 4486 tribur
1413 4425 1490 4485 reei-

243 4608 252 4617 ·
355 4530 429 4589 uir‘s’
446 4546 486 4589 ne
501 4523 639 4589 latinum
653 4524 788 4611 quidem
804 4546 877 4593 esse
892 4547 952 4612 pro
967 4530 1046 4590 ‘eet
1060 4546 1084 4589 s.
1100 4530 1190 4589 trium
1203 4530 1421 4589 reer'ur'oruru’:
1440 4543 1490 4610 ap
