3409 5409
785 456 924 507 TABVLA
947 457 982 508 11.

759 712 946 779 TABVLA
968 712 1013 777 11.

875 884 902 947 1.

405 1039 509 1105 Gaius
530 1037 613 1103 Inst.
634 1035 683 1101 IV
705 1037 744 1100 13
763 1058 813 1121 sq.
844 1033 1066 1100 ‘Sacramenti
1087 1036 1173 1105 aetio
1194 1036 1357 1122 generalis
1377 1046 1479 1103 erat:

321 1146 358 1205 de
384 1139 503 1225 quibus
529 1138 615 1204 enim
641 1137 739 1204 rebus
771 1146 809 1203 ιιι
840 1136 938 1201 aliter
962 1126 1118 1222 ageretur
1145 1136 1218 1223 lege
1239 1148 1375 1205 sautum
1400 1161 1481 1203 non

321 1251 406 1323 erat,
428 1240 470 1306 de
495 1240 544 1307 his
565 1250 768 1306 sacramento
790 1238 953 1323 agebatur
975 1284 982 1301 .
1007 1286 1042 1303 ..
1065 1289 1073 1304 .
1095 1238 1205 1305 Poena
1224 1251 1336 1307 autem
1356 1247 1479 1306 saera-

320 1343 422 1409 menti
453 1352 510 1409 aut
540 1342 754 1430 quingenario
784 1350 856 1406 erat
884 1348 943 1405 aut
973 1340 1262 1427 quinquagenaria.
1314 1347 1393 1407 Num
1426 1342 1478 1409 de

321 1445 418 1513 rebus
434 1443 524 1511 mille
539 1444 624 1510 aeris
639 1442 786 1531 piurisue
800 1441 988 1530 quingentis
1009 1442 1158 1526 assibus,
1174 1444 1216 1509 de
1235 1444 1373 1509 minoris
1396 1466 1479 1509 uero

322 1546 560 1634 quinquaginta
591 1544 722 1611 assibus
757 1552 962 1611 sacramento
998 1544 1270 1612 contendebatur:
1306 1568 1385 1611 nam
1426 1555 1478 1612 ita

322 1648 394 1735 lege
413 1647 486 1713 XII
504 1646 693 1715 tabularum
711 1658 843 1713 sautum
864 1656 945 1712 erat.
986 1652 1026 1709 At
1053 1652 1081 1711 si
1103 1651 1141 1711 de
1168 1652 1305 1713 libertate
1325 1647 1475 1715 hominis

321 1750 537 1816 controuersia
562 1758 648 1832 erat,
672 1749 735 1817 etsi
759 1740 1018 1836 pretiosissimus
1042 1748 1138 1816 homo
1166 1756 1270 1829 esset,
1295 1757 1408 1815 tamen
1432 1760 1478 1815 ut

322 1851 351 1915 L
374 1850 504 1917 assibus
532 1859 734 1917 sacramento
762 1851 1011 1917 oontenderetur
1029 1856 1135 1916 eadem
1161 1850 1233 1937 lege
1258 1858 1392 1917 sautum
1420 1862 1476 1917 est

322 1952 447 2019 fauoris
464 1973 569 2029 ceusu,
590 1972 628 2017 ue
641 1954 717 2017 sutis
739 1953 865 2018 dadone
879 1964 1089 2021 onerarentur
1110 1952 1319 2021 adsertores.'
1342 1958 1474 2035 Supple-

323 2062 366 2121 vit
383 2058 572 2136 Saviqnyius.
606 2057 778 2119 Husetrlrius
796 2056 846 2122 ‘ut
868 2078 906 2122 oo
927 2054 1056 2123 facilius
1079 2064 1347 2142 compararentur
1370 2054 1457 2121 ads!

878 2227 909 2293 2.

411 2425 445 2443 ..
467 2396 608 2445 MORBVS
631 2392 798 2445 sosrlcvs
815 2431 822 2445 .
840 2427 848 2443 ·
867 2428 874 2444 .
897 2395 966 2443 AVT
989 2396 1119 2446 STATVS
1141 2393 1222 2444 DIES
1245 2395 1317 2443 CVM
1339 2394 1471 2445 HOSTE:

326 2520 368 2532 -·
390 2496 475 2559 QVID
497 2497 622 2561 EORVM
644 2497 725 2545 rvlr
747 2499 872 2547 VITIVM
901 2496 1012 2546 lvnrct
1036 2486 1238 2545 Auslrnovu
1261 2496 1397 2562 REOVE,
1426 2496 1473 2545 EO

326 2600 407 2648 Dius
430 2599 623 2649 DIFFENSVS
644 2600 745 2649 ESTO.

394 2861 419 2911 2.
439 2856 547 2908 Gellius
566 2856 599 2910 N.
611 2856 643 2907 Α.
662 2857 714 2907 XX
733 2859 757 2920 1,
776 2860 808 2908 ti
827 2855 989 2922 ‘Ceteroqui
1007 2856 1130 2908 morbum
1148 2856 1399 2922 uehementiorem,
1418 2858 1476 2907 uim

328 2943 452 3009 grauiter
468 2940 587 2992 nocendi
605 2941 767 3005 habentem,
791 2942 882 3008 legum
906 2942 1020 2991 istarum
1039 2942 1189 3008 scriptores
1208 2940 1264 2992 alio
1284 2942 1312 2991 in
1335 2942 1397 2993 loeo
1422 2956 1475 2993 non

329 3044 378 3093 per
395 3042 425 3079 se
444 3026 582 3089 morbum,
599 3024 650 3076 sed
666 3026 811 3077 morbum
828 3026 998 3078 sontioum
1017 3027 1183 3093 appeliant’
1215 3028 1317 3079 Festus
1336 3042 1361 3092 p.
1375 3028 1426 3078 290
1438 3026 1474 3076 Μ.

330 3112 523 3163 ‘Sontioum
546 3110 691 3161 morbum
713 3111 743 3161 in
760 3111 815 3161 XII
834 3110 994 3177 siguificare
1018 3112 1059 3162 ait
1077 3111 1172 3165 Aelius
1191 3112 1261 3163 Stilo
1285 3114 1390 3162 sertum
1414 3127 1475 3162 oum

329 3198 404 3248 iusta
425 3212 521 3255 eausa,
541 3211 621 3260 quem
641 3211 695 3246 non
713 3195 784 3247 nulli
801 3200 903 3261 putant
920 3211 981 3247 esse
1000 3196 1046 3261 qui
1058 3201 1175 3261 noceat,
1195 3194 1266 3263 quod
1283 3201 1378 3249 sontes
1391 3196 1475 3263 signi·

330 3281 397 3334 tioat
413 3285 564 3334 nocentes.’
590 3281 695 3347 otidp.
708 3281 759 3332 344
770 3280 808 3333 Μ.
826 3279 974 3345 ‘(Sontioa)
989 3296 1075 3333 oausa
1092 3280 1195 3333 dieitur
1213 3298 1230 3332 u
1246 3281 1342 3345 morbo
1356 3282 1476 3347 (sontico

330 3371 543 3433 propterquam
565 3363 653 3431 (turno
674 3363 771 3433 quum)
794 3364 866 3432 quod
888 3370 931 3417 est
955 3365 1130 3432 merendum,
1158 3381 1240 3432 agere
1266 3365 1476 3432 (desistimus).’

330 3450 409 3504 Paul.
433 3467 461 3519 p.
481 3454 528 3503 111
552 3452 589 3504 Μ.
612 3466 638 3505 ιι.
660 3453 764 3503 insons.
800 3449 892 3504 Gloss.
911 3450 1000 3501 stb.
1019 3452 1146 3503 ‘morbus
1169 3451 1292 3501 sonticus
1309 3458 1337 3502 et
1353 3450 1478 3502 sonticus

334 3538 446 3589 morbus
465 3533 526 3601 ἱερὰ
544 3536 645 3589 νόεοε.’
681 3536 832 3588 iauolenus
850 3536 885 3587 D.
905 3538 948 3599 50,
968 3538 1008 3600 16,
1028 3538 1076 3587 113
1095 3535 1243 3587 ‘Morbus
1262 3534 1416 3587 sonticus
1436 3539 1479 3587 est

333 3622 381 3687 qui
399 3623 499 3686 suique
522 3622 564 3673 rei
582 3626 684 3676 nooet.‘
719 3623 819 3684 1142,
839 3623 864 3685 1,
883 3622 917 3673 60
934 3620 1076 3672 ‘Sontious
1095 3625 1188 3671 sutem
1207 3616 1405 3672 existimandus
1427 3624 1477 3678 est,

333 3706 380 3768 qui
398 3706 530 3771 cuiusque
552 3706 592 3758 roi
611 3706 736 3772 agendae
755 3704 952 3772 impedimento
976 3708 1038 3783 est:
1072 3704 1196 3757 Thomas
1214 3703 1297 3756 Thes.
1316 3718 1379 3755 nou.
1397 3702 1477 3755 istiu.

332 3808 360 3857 p.
373 3793 421 3843 sol
434 3790 472 3841 M.
491 3794 626 3843 ‘sonticus
639 3790 755 3843 nooiuus
767 3791 887 3842 noxius’
931 3789 1030 3842 Cicero
1043 3790 1077 3843 ds
1091 3790 1136 3844 off.
1148 3790 1162 3842 1
1175 3792 1222 3853 12,
1236 3792 1268 3843 st
1281 3788 1392 3842 ‘Hostis
1406 3789 1479 3841 enim

336 3946 536 3956 ..a-au*

420 4054 449 4114 2.
476 4055 500 4111 si
522 4051 587 4128 quid
611 4050 760 4107 Turnebus
780 4050 850 4107 Ado.
870 4054 914 4114 17,
936 4054 963 4107 8.
994 4048 1124 4124 Scaliger
1146 4046 1344 4107 0.Mue1tero.
1423 4049 1480 4106 inst

335 4140 411 4199 Soet.
427 4141 509 4213 prob.
521 4138 670 4196 Muellero.
726 4137 823 4193 uitium
840 4133 973 4192 Ostorius
986 4134 1063 4193 Obss.
1077 4132 1132 4192 ΙΙΙ
1141 4151 1167 4193 e.
1181 4138 1236 4192 40:
1252 4128 1309 4192 uni
1320 4134 1383 4193 eod.
1392 4132 1480 4191 Festi.

335 4244 431 4284 nerum
446 4226 536 4283 Turta
594 4218 813 4280 diesCuiarius:
829 4220 947 4279 diocod.
1002 4220 1131 4278 deiensus
1147 4220 1236 4277 Turn.
1260 4216 1478 4277 diiiisusCuiao.

335 4328 375 4369 ex
399 4312 514 4383 Ulpiani
533 4312 697 4366 testimonio.
727 4306 851 4364 diiiinsus
877 4305 998 4363 Ursinus
1018 4305 1153 4363 diffussus
1175 4304 1250 4362 Sosi.
1273 4308 1481 4377 exscriptore

336 4398 519 4471 quorundum
538 4394 646 4467 Digest.
667 4394 749 4451 codd.
772 4394 838 4450 dett.
861 4388 1026 4448 ‘diffusum'
1064 4390 1122 4448 Sed
1142 4392 1196 4449 uid.
1222 4390 1253 4446 0.
1271 4388 1430 4446 Muellerus
1449 4391 1479 4445 iu

338 4479 440 4554 Suppt.
457 4482 531 4539 Αιιιι.
544 4496 576 4552 p.
595 4483 663 4536 401.
