3409 5409
346 499 389 561 80
756 511 869 560 crrvr
892 511 1071 573 stnrvrr.

346 666 497 733 lexerunt
510 666 646 731 Beierus
661 664 803 731 Orellins
818 664 1030 747 Huschkius,
1051 688 1093 730 ne
1107 666 1143 729 in
1157 666 1275 731 ceteris
1290 662 1424 752 quidem
1442 686 1501 729 sa-

345 770 388 833 tis
409 768 490 853 qnid
510 768 581 833 XII
601 767 769 854 proprium
784 767 843 848 sit,
864 766 945 853 qnid
964 767 1131 849 Ciceroni,
1152 766 1385 833 discernentes.
1422 766 1499 831 Eos

345 880 453 937 sutem
468 870 525 958 qui
539 870 601 935 V'l
617 877 682 934 ‘ast
699 876 731 934 ei
741 881 839 934 custos
857 890 913 934 nec
932 876 1021 934 esctt’
1042 869 1190 935 futurum
1210 879 1329 958 putant
1349 868 1499 956 impere-

344 972 414 1039 tivo
429 971 644 1038 substitutum
658 994 743 1054 esse,
758 993 894 1058 prorsus
910 970 1070 1037 fefellisse
1085 972 1272 1059 opinionem
1286 970 1374 1037 infra
1387 992 1498 1057 appa-

344 1075 440 1140 rebit
470 1075 516 1140 At
530 1074 655 1161 pariter
667 1072 821 1161 repudiet
834 1072 891 1139 lex
905 1074 1213 1139 coniunctivum
1233 1072 1363 1161 qualem
1377 1072 1497 1139 obtru-

345 1177 389 1241 sit
402 1176 551 1241 Victorio
566 1184 700 1241 auctore
715 1174 943 1241 Gothofredus
960 1174 978 1239 I
994 1178 1009 1239 l
1027 1182 1067 1240 ‘si
1078 1183 1109 1240 tn
1124 1184 1170 1241 ius
1184 1189 1283 1253 vocat,
1304 1187 1394 1255 ctqrre
1409 1175 1449 1260 (i.
1466 1196 1496 1241 e.

344 1278 456 1364 statim)
472 1284 560 1355 eat',
576 1278 658 1343 setis
673 1276 836 1343 refutans
851 1300 926 1343 cum
941 1278 984 1343 ab
1000 1277 1073 1343 eliis
1088 1286 1158 1342 tum
1173 1278 1217 1344 ob
1228 1275 1495 1343 Unterholzncro

303 1384 310 1403 “
345 1380 379 1446 in
394 1379 517 1446 Annel.
531 1382 644 1445 scient.
659 1380 723 1445 inr.
737 1379 855 1445 histor.
871 1379 1000 1461 114383
1017 1390 1074 1445 eut
1088 1380 1144 1465 qui
1159 1378 1191 1443 V
1205 1379 1227 1445 5
1241 1378 1283 1444 ad
1299 1388 1495 1464 corruptam

345 1482 496 1547 codicum
515 1479 708 1548 collationis
735 1481 926 1547 memoriam
947 1486 1087 1560 ‘eentues
1113 1485 1266 1558 familiam
1286 1485 1373 1544 neres
1391 1484 1494 1543 lionc’

345 1586 419 1671 (pro
440 1588 601 1650 ‘habento’
630 1588 729 1666 Nune)
751 1607 794 1649 ex
814 1592 968 1649 notarum
989 1583 1203 1649 similitudine
1224 1580 1493 1670 explicandum¹)

344 1686 493 1772 proxime
514 1684 671 1752 accedere
692 1685 757 1752 sibi
776 1686 843 1752 visi
863 1694 940 1751 sunt
959 1684 1154 1770 corrigendo
1176 1685 1230 1751 vel
1250 1688 1414 1749 ‘tutemet'
1435 1680 1493 1747 vel

345 1791 537 1853 ‘kerctxant'
551 1787 708 1853 Pithoeus
723 1798 757 1853 et
771 1786 1011 1870 Oiselius,·vel
1031 1786 1115 1853 adeo
1136 1786 1213 1853 ficto
1235 1784 1399 1852 vocabulo
1420 1788 1492 1847 ‘lte-

345 1898 482 1955 rescant'
496 1888 690 1955 Huschkius
707 1889 756 1976 (in
771 1887 865 1955 stud.
883 1890 945 1954 iur.
960 1888 999 1953 R.
1016 1911 1049 1976 p.
1066 1871 1138 1953 156.
1152 1886 1240 1953 Mus.
1254 1887 1344 1955 rhen.
1359 1886 1423 1950 iur.
1438 1885 1491 1949 vl

345 2015 378 2078 p.
393 1992 487 2080 280):
512 1992 570 2078 qui
588 1991 673 2058 bene
693 1990 773 2056 fecit
792 1990 882 2077 quod
901 1990 937 2056 in
956 1990 1100 2057 editione
1115 1986 1198 2070 (loll.
1221 1989 1418 2056 sententium
1440 2008 1491 2051 re-

346 2093 514 2160 tractavit.

430 2196 478 2261 At
491 2217 593 2260 unum
607 2195 697 2261 dices
719 2193 882 2279 refragari
902 2195 998 2261 nobis
1020 2192 1128 2261 locum
1149 2217 1169 2259 a
1190 2192 1298 2259 Plinio
1318 2192 1367 2258 sic
1387 2190 1491 2259 trudi-

345 2310 416 2363 tum
431 2296 519 2362 XXI
533 2298 564 2379 5,
581 2298 616 2362 l:
634 2301 783 2376 ‘Namque
796 2300 840 2360 aa
852 2304 1019 2362 certamina
1034 2303 1193 2361 incircum
1211 2318 1271 2377 per
1283 2300 1370 2361 ludos
1389 2306 1419 2359 et
1431 2300 1493 2375 ipsi

347 2403 566 2465 descendebant
578 2409 607 2464 et
620 2419 720 2464 rerum
738 2419 806 2464 suos
824 2418 971 2479 equosque
991 2402 1152 2465 mittebant.
1181 2402 1261 2464 Inde
1280 2405 1334 2464 illa
1349 2400 1420 2462 XII
1437 2411 1491 2462 ta-

346 2508 485 2568 bularum
499 2508 551 2569 les
566 2509 649 2582 “qui
661 2521 801 2566 caenum
814 2508 900 2582 parit
914 2509 977 2582 r'pse
989 2508 1155 2583 pecuniave
1174 2508 1239 2569 eius
1253 2508 1404 2567 antrisve
1417 2520 1492 2579 ereo

346 2611 450 2670 duitor
463 2610 526 2669 ei.’'
557 2607 651 2681 Quum
666 2611 746 2668 serui
758 2610 860 2684 equive
874 2610 1057 2681 nuruissent
1066 2612 1200 2685 pecunia
1213 2618 1336 2685 partam
1350 2610 1415 2683 leue
1430 2608 1495 2667 dici

346 2727 430 2771 nemo
455 2710 605 2771 dubitauit.
649 2710 721 2781 Quis
740 2726 812 2785 eruo
831 2706 944 2772 tonos?
976 2710 1016 2771 Ut
1038 2712 1098 2787 ipsi
1121 2719 1236 2772 mortuo
1257 2710 1492 2787 parentemque

346 2816 424 2892 aas,
440 2812 511 2873 dam
526 2815 605 2874 intus
617 2814 730 2889 positus
743 2818 819 2873 esset
829 2811 946 2885 [orisve
957 2813 1109 2891 ferretne,
1130 2816 1194 2875 sine
1206 2813 1323 2887 [raude
1343 2816 1420 2874 esset
1431 2812 1492 2871 im-

342 2919 465 2994 posita?

430 3013 483 3079 De
498 3034 564 3100 quo
580 3011 651 3079 loco
667 3020 743 3079 unte
759 3032 857 3099 quum
877 3012 1035 3079 iudicium
1058 3015 1131 3099 fiet,
1153 3015 1226 3103 ipse
1246 3014 1349 3082 verba
1367 3012 1491 3079 rectius

347 3138 445 3205 quem
466 3112 574 3180 adhuc
594 3113 720 3180 fectum
740 3125 791 3179 est
811 3116 1042 3182 constituendo
1061 3126 1148 3182 sunt.
1178 3118 1289 3203 Atque
1305 3122 1492 3181 ‘vitulinae’

347 3240 421 3283 eum
436 3238 541 3305 neque
556 3238 629 3281 cum
644 3223 829 3296 ‘pecuniave'
845 3219 999 3303 coniungi
1013 3218 1112 3284 liceat
1126 3240 1186 3284 neo
1201 3218 1243 3283 ad
1259 3221 1346 3283 ‘eius'
1364 3218 1423 3303 (sc.
1435 3239 1491 3304 pe·

346 3318 477 3408 cuniae)
493 3328 624 3407 praeter
637 3318 766 3384 Ionium
781 3320 955 3407 quisquam
970 3320 1093 3387 referet
1110 3343 1170 3385 nec
1186 3342 1264 3387 vero
1279 3321 1399 3387 rationi
1414 3340 1491 3385 con·

347 3422 460 3490 veniat
475 3442 548 3487 cum
562 3421 726 3508 prioribus
742 3420 926 3489 editoribus
943 3444 980 3488 eo
992 3420 1063 3487 XII
1073 3422 1307 3509 interpretibus
1322 3421 1491 3510 plerisque

347 3530 405 3591 ‘ae’
419 3523 515 3612 qussi
529 3523 666 3591 fortuito
680 3535 789 3589 ortum
804 3524 955 3607 abiicere,
972 3546 1014 3589 ex
1020 3522 1171 3590 Toletani
1186 3524 1309 3591 codicis
1326 3522 1492 3610 scripture

347 3624 399 3693 vel
414 3628 523 3714 potius
538 3626 726 3692 coniectore
738 3632 943 3690 ‘uirtutisuae’
955 3626 1128 3691 Pintianus
1141 3626 1328 3693 Gronovius
1341 3624 1490 3711 Silligi'us

346 3737 563 3815 reposuerunt
579 3733 713 3793 ‘uirtutis
726 3748 799 3793 suae
812 3735 907 3807 erac!
938 3727 1061 3792 Verum
1082 3749 1261 3815 pronomen
1277 3736 1384 3793 ‘suae’
1400 3728 1489 3792 miri·

346 3830 407 3895 tice
421 3828 594 3895 abundans
609 3830 733 3916 pariter
754 3830 859 3895 aXlI
875 3828 1061 3897 tabularum
1081 3830 1245 3899 brevitate
1264 3840 1363 3919 etque
1384 3852 1404 3895 e
1424 3828 1488 3894 for·

346 3930 454 3997 moloc
479 3935 611 3997 ‘virtutis
634 3937 724 4011 eroo’
748 3955 811 3997 usu
836 3932 1003 3999 abhorret.
1033 3930 1077 3997 of.
1103 3931 1243 3998 Sisenna
1265 3954 1318 4019 ap.
1343 3930 1487 3997 Nonium

346 4057 378 4122 p.
393 4032 457 4099 544
472 4038 600 4098 ‘antuus
613 4054 686 4113 eruo
699 4041 817 4100 civitate
832 4039 958 4117 donati,
974 4034 1090 4101 Cicero
1100 4035 1148 4129 'de
1163 4044 1231 4121 opt.
1246 4056 1319 4120 gen.
1336 4056 1382 4099 or.
1400 4033 1431 4114 7,
1449 4034 1489 4096 19

346 4141 429 4199 ‘eum
451 4138 562 4201 donari
579 4142 696 4201 virtutis
713 4156 785 4216 eruo
805 4141 1106 4219 benevolentiaeque',
1125 4136 1241 4203 Livius
1257 4134 1316 4218 25,
1332 4136 1362 4215 7,
1379 4135 1401 4199 4
1415 4137 1488 4199 ‘nere

346 4240 423 4301 deno
447 4242 573 4302 militari
595 4244 713 4304 vitatis
736 4258 808 4316 arao
839 4243 1025 4303 donaretur?
1068 4240 1184 4326 Itaque
1216 4258 1255 4304 so
1287 4236 1426 4319 inclino,
1451 4245 1489 4300 ut

346 4334 486 4404 alterum
500 4342 689 4424 genetivum
704 4340 867 4407 excidisse
882 4352 959 4408 ante
973 4340 1150 4407 virtutisve
1166 4339 1329 4427 suspicer,
1350 4358 1488 4424 eumque

416 4561 435 4627 ¹)
454 4564 491 4615 ei.
510 4562 693 4629 schillingius
711 4564 786 4615 Dies.
805 4566 866 4618 crit.
886 4566 919 4617 de
938 4566 1053 4631 Ulpiani
1072 4564 1237 4631 fragmentis
1254 4580 1281 4629 p.
1299 4564 1333 4613 83
1352 4576 1411 4627 sqq.
