3409 5409
394 576 456 641 100
809 590 924 637 cnrrr
945 591 1123 649 ornurvu.

391 746 569 813 Muellerus
591 748 672 815 feeit
689 744 713 811 l.
734 746 774 829 1.,
802 748 951 813 breviter
975 748 1057 835 quid
1081 748 1129 813 rei
1154 751 1198 814 sit
1211 750 1361 815 indicans
1382 750 1427 815 ad
1442 747 1546 815 Pauli

390 853 537 938 glossam
551 852 687 917 ‘Forma
699 850 799 915 huius
812 854 946 913 “escit”
962 861 1033 915 erat
1046 852 1141 918 verbi
1159 852 1357 933 inchoanti,
1374 852 1547 938 significa-

390 955 437 1019 tio
453 954 582 1019 futuri!
603 952 690 1017 Nam
705 952 762 1040 qni
776 952 918 1016 formam
932 962 965 1017 et
979 954 1085 1040 ipsam
1101 954 1204 1021 futuri
1219 954 1362 1042 explicat
1378 976 1420 1018 ex
1435 954 1545 1041 ‘esjit’

390 1057 415 1123 i.
430 1080 459 1122 e.
474 1056 544 1122 akr.
559 1055 693 1140 ‘asyati’
707 1054 882 1119 oriundam
895 1054 938 1121 G.
953 1054 1086 1121 Curtius
1102 1056 1144 1122 de
1159 1068 1182 1123 t.
1199 1066 1233 1123 et
1247 1080 1290 1122 m.
1304 1080 1338 1145 p.
1356 1056 1417 1121 115
1432 1078 1499 1143 sq„
1527 1077 1548 1119 a

392 1160 555 1225 Corsseno
570 1155 732 1221 refellitur
745 1154 859 1243 Symb.
875 1159 948 1222 crit.
963 1181 996 1245 p.
1012 1159 1055 1223 35
1069 1182 1155 1247 sqq.:
1172 1182 1245 1225 cnm
1261 1160 1289 1247 sj
1307 1160 1342 1223 in
1358 1160 1387 1223 si
1401 1158 1546 1244 (‘siem’)

392 1284 459 1327 non
473 1261 508 1324 in
523 1282 559 1325 sc
573 1244 716 1325 transire
731 1258 836 1326 soleat
849 1258 945 1324 latini
966 1262 1126 1327 sermonis
1146 1262 1233 1348 lege:
1259 1284 1343 1349 quac
1364 1261 1448 1325 ratio
1473 1260 1546 1323 iam

391 1362 471 1429 inde
485 1360 705 1449 improbanda
719 1372 802 1442 erat,
815 1361 905 1448 quod
919 1363 1023 1449 ipsius
1041 1388 1073 1429 v.
1093 1370 1189 1429 ‘escit’
1204 1364 1351 1430 futurum
1368 1363 1547 1439 formatur,

392 1467 421 1531 si
442 1487 510 1553 qua
523 1464 606 1529 fides
627 1474 679 1529 est
697 1462 795 1529 Pauli
814 1464 927 1530 verbis
947 1488 980 1551 p.
998 1466 1059 1530 188
1075 1471 1220 1531 ‘oberret
1238 1471 1332 1531 oberat
1349 1472 1395 1529 uel
1414 1468 1545 1529 oderit!

392 1568 463 1633 Neo
481 1569 589 1653 magis
609 1564 758 1654 Boppius
779 1565 964 1632 audiendus
985 1578 1036 1633 est
1056 1568 1116 1634 Gr.
1136 1590 1243 1655 comp.
1259 1568 1313 1633 ΙΠ
1334 1592 1367 1657 p.
1384 1567 1465 1649 104,
1487 1567 1546 1653 qui

392 1672 428 1735 in
457 1671 588 1751 ‘escit’‚
618 1675 791 1755 ‘gnosco’,
825 1668 955 1735 ‘texor'
982 1672 1183 1748 ‘turonicum’
1215 1669 1416 1757 gutturalem
1445 1666 1546 1733 intel-

393 1775 484 1857 legat
508 1772 605 1859 quasi
630 1770 794 1858 quendam
820 1772 992 1838 ‘comitem
1015 1771 1251 1860 euphonicum'
1273 1772 1402 1838 litterae
1424 1794 1440 1835 s
1463 1780 1498 1835 et
1518 1790 1545 1849 t,

392 1896 468 1939 cum
496 1872 584 1938 idem
610 1895 643 1959 p.
661 1872 722 1937 132
742 1895 792 1960 sq.
818 1871 885 1939 alia
910 1874 1101 1941 inchoativa
1126 1874 1305 1941 contendat
1330 1872 1446 1939 addita
1471 1874 1546 1959 ipsa

394 2078 530 2143 demnat
543 2076 672 2141 Pottius
684 2074 820 2156 Quaest.
832 2087 932 2163 etym.
947 2076 984 2142 Π
997 2102 1028 2165 p.
1041 2079 1103 2143 628
1118 2080 1171 2144 ed.
1182 2078 1213 2145 2.
1229 2079 1271 2144 cf.
1284 2079 1470 2145 Corssenns
1486 2075 1509 2141 l.
1523 2074 1544 2138 l.

394 2180 557 2245 Nimirum
573 2176 681 2243 ‘escit’
696 2178 830 2265 proprie
844 2189 895 2244 est
909 2178 1148 2247 inchoativum:
1171 2182 1223 2247 cui
1244 2181 1330 2268 quod
1345 2180 1450 2245 futuri
1471 2200 1546 2265 par·

395 2292 445 2347 tes
461 2280 637 2369 aliquando
653 2279 798 2345 tributae
813 2290 907 2363 sunt,
929 2303 972 2345 ex
986 2291 1076 2348 arcto
1093 2282 1224 2348 vinculo
1239 2304 1303 2370 quo
1323 2283 1476 2367 iungitur
1495 2278 1546 2344 fu-

395 2385 461 2451 turi
475 2406 550 2449 cum
564 2380 742 2448 incohandi
757 2382 908 2465 notione,
930 2382 1171 2469 simplicissime
1192 2384 1392 2472 explicatur:
1418 2404 1485 2469 qua
1506 2381 1548 2446 de

395 2486 588 2573 cognatione
616 2483 721 2549 multa
740 2484 912 2569 ingeniose
931 2494 968 2549 ut
995 2483 1080 2551 solet
1100 2487 1228 2552 Pottius
1255 2489 1275 2552 l.
1300 2486 1320 2550 l.
1348 2484 1545 2573 disputavit.

395 2586 528 2655 Veteris
544 2595 654 2653 autem
669 2585 796 2651 formae
809 2586 895 2651 ratio
914 2584 1075 2673 quaedam
1095 2588 1210 2655 habita
1230 2588 1363 2655 videtur
1388 2587 1421 2651 in
1436 2584 1546 2650 edicti

395 2688 551 2777 praetorii
577 2686 687 2753 verbis
714 2689 783 2752 ‘cui
811 2691 898 2751 heres
927 2708 985 2751 nou
1011 2693 1173 2754 extatit’
1201 2689 1268 2777 (ap.
1296 2688 1487 2755 Ciceronem
1516 2710 1547 2775 p.

397 2792 529 2873 Quiuct.
553 2788 603 2870 19,
624 2788 698 2875 60):
724 2786 1000 2875 quemadmodum
1021 2792 1181 2877 pristinae
1202 2790 1453 2877 significationis
1480 2812 1547 2854 me·

396 2893 536 2959 moriam
550 2890 698 2955 servavit
712 2888 766 2955 vel
787 2890 997 2977 interpolatio
1012 2931 1055 2941 —-
1069 2916 1145 2958 nam
1164 2894 1312 2982 profecto
1333 2891 1547 2981 interpolatio

396 3002 522 3060 estnec
536 2991 623 3081 quod
638 2990 764 3078 placuit
778 2991 1018 3091 Wesenbergio
1040 2993 1168 3061 librarii
1189 3018 1280 3061 error
1297 3033 1331 3043 —
1350 2994 1441 3085 apud
1456 2993 1548 3061 Cice·

397 3117 511 3161 ronem
526 3102 559 3159 et
573 3092 671 3159 Auct.
688 3092 732 3157 ad
745 3092 950 3159 Herennium
966 3100 1011 3159 ‘si
1025 3098 1162 3173 [cariosus
1180 3090 1260 3163 csse
1274 3104 1427 3177 incipu’
1449 3106 1483 3163 et
1505 3101 1551 3160 ‘se'

395 3200 599 3275 flexistet?

484 3400 628 3469 Omitti
649 3410 758 3468 autem
772 3399 1051 3489 praedicatum
1066 3404 1100 3468 in
1115 3414 1232 3470 neutra
1248 3406 1431 3471 sententiae
1452 3416 1549 3493 parte

399 3504 489 3571 lieet:
513 3502 602 3593 quod
617 3514 720 3590 genus
736 3515 770 3571 et
785 3506 828 3571 ab
843 3503 932 3571 omni
946 3504 1055 3591 legum
1070 3504 1186 3573 habitu
1206 3516 1306 3595 atque
1326 3530 1390 3573 usu
1407 3516 1441 3573 et
1459 3531 1548 3573 ana·

402 3609 472 3673 tiva
491 3606 621 3695 priscae
636 3606 754 3672 aetatis
770 3606 900 3673 dicendi
916 3608 1041 3671 ratione
1055 3608 1152 3673 nimis
1167 3618 1328 3705 remotum
1343 3619 1401 3676 est.
1431 3611 1549 3699 Itaque

401 3708 456 3773 111
471 3710 489 3774 ‘l
506 3712 668 3773 ‘Adversus
680 3713 789 3774 hostem
804 3722 929 3773 aeterno
945 3716 1125 3775 auctoritas'
1146 3711 1251 3778 a'XlI
1266 3722 1355 3779 certe
1370 3718 1467 3779 ‘esto'
1483 3736 1548 3780 non

400 3810 520 3877 abfuit.
543 3810 660 3875 Altera
675 3819 826 3898 exparte
841 3811 859 3876 Ι
874 3810 894 3875 9
914 3809 991 3877 hinc
1012 3812 1221 3899 potissimum
1242 3814 1391 3882 firmatur
1406 3817 1548 3903 suspitio

400 3912 584 3979 membrum
604 3917 648 3977 ‘rt
666 3916 753 3977 ambo
766 3920 961 3993 praesentes'
982 3912 1078 4000 plane
1099 3913 1179 3981 illud
1202 3938 1486 4004 supervacaneum
1506 3919 1549 3983 ab

400 4016 577 4103 interprete
591 4012 677 4079 male
690 4013 926 4101 interpolatum
941 4038 1022 4081 esse.

486 4218 638 4307 Denique
663 4220 964 4285 sententiarum
989 4240 1094 4286 nexus
1120 4221 1156 4286 in
1177 4218 1250 4309 lege
1274 4235 1324 4289 est
1344 4222 1549 4312 simplicissi-

401 4342 488 4385 mus:
511 4342 686 4407 quaecum
701 4320 771 4385 fere
791 4342 920 4410 semper
940 4344 1004 4387 uno
1026 4324 1195 4389 enuntiato
1216 4336 1250 4389 ct
1269 4326 1496 4393 condicionem
1517 4338 1550 4394 et

401 4432 561 4488 statutum
582 4422 768 4487 continente
789 4424 1023 4489 absolvantur:
1052 4434 1121 4489 tum
1142 4425 1246 4489 sicubi
1273 4426 1383 4513 plures
1405 4426 1450 4493 ad
1473 4452 1549 4495 ean·

402 4523 476 4587 dem
503 4546 571 4587 reru
599 4524 757 4607 tondunt,
786 4524 913 4589 solutae
936 4546 995 4589 nec
1021 4524 1089 4591 ulla
1114 4525 1231 4613 copula
1253 4526 1384 4594 iunctae
1410 4529 1549 4597 alteram

345 4715 355 4734 .
393 4621 506 4732 'ultera
527 4626 680 4731 excipere
701 4624 796 4691 solet.
825 4624 868 4689 cf.
886 4624 937 4691 111
958 4626 1055 4691 2-4
1076 4632 1158 4691 ‘Part
1176 4632 1286 4693 deiude
1305 4650 1413 4695 mauras
1433 4638 1549 4696 iniectu
